3488 5421
550 1813 692 1880 QUO
744 1812 1062 1865 TEMPORE
1113 1812 1475 1865 DOMESTICI
1528 1813 1610 1865 ET
1661 1811 2144 1865 PROTECTORES
2197 1812 2461 1865 PRIMUM

1274 1937 1749 1991 APPARUERINT

541 2256 698 2327 Una
734 2273 892 2326 cum
934 2255 1285 2346 praetoriis
1325 2255 1774 2337 cohortibus,
1821 2273 2001 2345 quas
2029 2309 2046 2335 ‚
2093 2261 2171 2326 ut
2208 2254 2521 2326 diximus
2550 2307 2567 2337 ‚

443 2380 907 2470 imperatores
968 2398 1112 2451 non
1172 2386 1628 2461 creaverunt,
1699 2380 1878 2451 alter
1932 2380 2174 2450 Romae
2228 2398 2572 2451 numerus

444 2504 717 2586 stabat,
763 2522 973 2592 quem
1015 2503 1339 2574 nondum
1378 2503 1711 2593 princeps
1753 2503 2177 2574 Octavianus
2213 2503 2304 2574 ad
2344 2511 2576 2575 custo-

445 2627 636 2699 diam
685 2627 796 2697 sui
837 2626 1230 2698 constituit.
1266 2627 1622 2707 Vascones
1663 2625 1884 2708 enim,
1929 2625 2100 2696 dum
2140 2625 2376 2697 adhuc
2415 2645 2572 2697 cum

445 2751 754 2824 Antonio
797 2752 993 2822 orbis
1031 2752 1307 2822 romani
1351 2751 1664 2841 regimen
1701 2751 2143 2840 partiebatur
2169 2807 2185 2834 ‚
2236 2751 2577 2823 custodiae

452 2875 691 2948 lateris
747 2875 859 2946 sui
909 2876 1300 2965 praeposuit
1359 2872 1453 2968 (1)
1515 2900 1531 2945 ι
1589 2893 1894 2965 quorum
1949 2876 2024 2945 in
2075 2877 2350 2957 locum,
2416 2881 2579 2965 post

451 2999 840 3071 Antonium
871 2999 1306 3071 debellatum
1347 2998 1813 3070 dimissorum
1844 3054 1860 3078 ‚
1906 2999 2376 3070 barbarorum
2419 3000 2578 3070 rhe-

449 3142 804 3194 nanorum
859 3130 1092 3194 turma
1140 3124 1506 3195 successit.
1561 3124 1883 3212 Namque
1933 3123 2222 3193 Cassius
2261 3122 2391 3193 Dio
2433 3122 2581 3193 his-

451 3246 714 3319 toricus
790 3247 1201 3318 cohortibus
1275 3246 1629 3336 praetoriis
1698 3246 2143 3335 urbanisque
2216 3245 2583 3334 postponit

455 3372 775 3461 equitum
815 3389 1136 3455 manum,
1173 3388 1387 3461 quam
1419 3373 1608 3442 inter
1636 3370 2120 3442 validissimos
2160 3371 2582 3441 Batavorum

455 3494 797 3567 delectam
828 3495 1051 3566 fuisse
1080 3494 1252 3567 dicit
1298 3493 1392 3589 (2)
1429 3519 1445 3579 ;
1493 3513 1715 3585 quum
1756 3501 1994 3566 autem
2035 3495 2212 3565 istos
2253 3494 2584 3566 custodes

456 3636 739 3711 semper
789 3616 1182 3689 Germanos
1248 3638 1405 3691 esse
1461 3620 1856 3710 appellatos
1915 3625 2230 3701 constet,
2296 3619 2400 3706 ab,
2444 3618 2585 3709 Au-

456 3749 661 3832 gusto
702 3742 1135 3815 credendum
1176 3750 1321 3827 est,
1365 3743 1658 3815 remotis
1707 3750 1871 3834 post
1909 3745 2274 3830 Varianam
2314 3742 2585 3815 cladem

521 3995 588 4060 (1)
617 3994 918 4056 SuetoniuS‚
953 3997 1009 4048 V.
1047 3997 1190 4059 Any„
1221 3995 1280 4047 49
1307 4016 1318 4046 ι
1355 3997 1556 4047 Dimissa
1580 3996 2005 4058 Cataquritanorum
2025 4009 2187 4058 manu,
2225 4009 2355 4059 quam
2379 4009 2512 4058 usque
2533 3996 2591 4044 ad

458 4084 679 4135 devictum
701 4085 1016 4135 Antonium...
1048 4086 1171 4134 circa
1198 4098 1242 4135 se
1271 4086 1505 4137 habuerat.

517 4173 587 4238 (2)
614 4172 827 4224 Cassius
854 4173 972 4232 Dio,
1006 4174 1094 4236 55,
1125 4174 1186 4224 24
1216 4189 1229 4224 ε
1260 4176 1401 4226 Ξένοι
1430 4193 1486 4226 τε
1514 4179 1679 4233 ἱππεῖς
1711 4176 1986 4236 ἐπίλεκτοι,
2011 4173 2089 4233 ‘otc
2114 4177 2172 4226 τὸ
2201 4181 2301 4225 τῶν
2324 4175 2590 4225 Βαταούων

458 4264 557 4314 ἀπὸ
588 4269 670 4325 τῆς
696 4266 951 4322 Βαταοῦας
986 4270 1070 4325 τῆς
1106 4265 1155 4314 ἐν
1187 4268 1259 4329 τῷ
1302 4263 1459 4330 Ῥήνῳ
1486 4266 1637 4324 νήσου
1666 4265 1848 4338 ὄνομα,
1881 4267 1957 4315 ὅτι
1994 4266 2053 4324 δὴ
2083 4265 2341 4328 κράτιστοι
2374 4264 2592 4332 {mesiam

460 4354 580 4412 εἶσὶ,
611 4357 792 4403 κεῖται.
1382 4373 1389 4380 ·
1824 4363 1828 4367 ’
