3488 5421
1322 1470 1327 1477 ·
1424 1454 1578 1528 VIII

444 1775 569 1830 SUB
609 1775 856 1842 QUIBUS
892 1775 1134 1842 ARMIS,
1176 1776 1302 1830 SUB
1342 1775 1480 1842 QUA
1517 1776 1730 1831 VESTE
1767 1776 2176 1832 MlLl'rAREN'r
2212 1777 2573 1833 DOMESTICI

1203 1901 1804 1957 PROTECTORESVE.

547 2184 855 2259 Breviter
891 2185 1289 2278 colligenda
1325 2169 1761 2261 credidimus
1802 2204 1964 2278 quae
2001 2186 2089 2259 de
2126 2185 2345 2260 armis
2384 2192 2453 2260 et
2489 2186 2581 2261 de

447 2308 704 2381 vestitu
741 2310 1235 2383 excubitorum
1273 2330 1400 2402 per
1438 2311 1820 2403 scriptores
1861 2318 1930 2383 et
1967 2318 2433 2384 monumenta
2469 2312 2581 2404 (1)

451 2433 630 2505 scire
672 2433 837 2506 licet
880 2458 897 2505 z
951 2428 1040 2508 de
1078 2434 1489 2508 domesticis
1530 2442 1599 2507 et
1636 2435 2157 2527 protectoribus
2198 2434 2583 2510 indiscrete

451 2556 827 2648 loquemur
854 2613 873 2642 ‚
953 2578 1177 2650 quum
1253 2578 1415 2651 quae
1489 2566 1678 2633 esset
1750 2558 2130 2650 peculiaris
2207 2559 2583 2652 utriusque

454 2679 717 2754 scholae
756 2681 972 2755 vestis
1009 2681 1415 2757 discernere
1453 2652 1599 2755 n'on
1631 2662 2024 2775 possimus

559 2802 818 2878 Gladio
854 2808 1064 2883 cincti
1118 2814 1322 2883 erant
1347 2862 1367 2892 ‚
1407 2805 1609 2880 hasta
1652 2805 1767 2904 (2)
1807 2808 2057 2901 longa,
2100 2808 2429 2883 inaurata
2473 2803 2587 2904 (5)

526 3059 590 3124 (1)
619 3058 1082 3113 Monumentorum
1114 3062 1428 3114 laterculum
1468 3062 1523 3113 in
1554 3063 1749 3127 quibus
1783 3065 2111 3127 protectores
2152 3061 2261 3113 ficti
2302 3066 2429 3112 sunt
2464 3062 2586 3114 vide

455 3149 514 3197 in
536 3150 822 3213 appendice
849 3149 923 3200 11.

519 3237 585 3303 (2)
618 3239 792 3289 Pilum
819 3241 1054 3304 poetice,
1085 3240 1177 3291 sed
1211 3254 1398 3305 parum
1438 3244 1582 3292 recte
1614 3240 1747 3292 dicit
1774 3237 2054 3304 Corippus.
2086 3239 2150 3290 In
2186 3240 2433 3291 omnibus
2468 3254 2586 3292 mo·

458 3330 727 3379 numentis
769 3342 892 3380 cum
930 3331 1080 3380 hasta
1125 3334 1393 3395 protector
1435 3330 1772 3394 exprimitur.
1818 3329 2154 3402 Protectores
2189 3331 2523 3394 appellantur
2558 3346 2590 3381 a

458 3412 687 3477 synesio
713 3418 1045 3483 χρυσάσπιδες
1073 3423 1126 3468 et
1151 3415 1541 3484 χρυσεολόγχαι,
1586 3418 1648 3467 De
1674 3431 1838 3481 reque,
1876 3416 1959 3479 12,
1992 3418 2074 3468 ed.
2104 3416 2283 3482 Migne
2314 3419 2467 3481 (Patr.
2493 3433 2594 3492 qr„-

463 3503 675 3570 LXVI)
694 3543 707 3568 ,
741 3522 792 3571 p.
832 3507 975 3565 10843
1016 3508 1120 3573 ipsi
1144 3523 1176 3557 a
1206 3505 1451 3558 Johanne
1477 3506 1859 3571 chrysostomo
1897 3507 2149 3558 dicuntur
2181 3510 2508 3574 ἀσπιδηφόροι
2539 3515 2593 3560 et

460 3598 771 3663 λογχοφόροι,
803 3596 934 3652 Hom.
959 3599 1010 3648 in
1039 3598 1166 3658 Ich„
1200 3596 1254 3648 19
1289 3597 1388 3661 (18)
1409 3635 1422 3656 ,
1445 3596 1495 3654 3.
1521 3597 1607 3648 ed.
1631 3595 1842 3662 Migne,
1864 3597 2062 3661 (Patrol.
2084 3611 2178 3661 qr..
2213 3596 2372 3661 LIX),
2398 3612 2448 3662 p.
2485 3597 2590 3649 123.

462 3682 601 3735 Vide
627 3683 940 3751 Corippum,
967 3687 1024 3737 In
1046 3687 1171 3737 laud.
1200 3687 1324 3738 Just.
1354 3687 1490 3749 min„
1520 3685 1577 3747 3,
1614 3686 1702 3736 165
1726 3700 1863 3752 sqq„
1892 3688 1979 3738 ed.
2010 3686 2235 3739 Partsch
2265 3707 2277 3736 ε

884 3803 1047 3857 Inoens
1073 3803 1297 3847 excubitus
1322 3802 1479 3846 divina
1495 3802 1684 3859 palatia
1708 3807 1857 3847 servat

887 3884 1131 3928 Porticibus
1158 3883 1326 3938 lewis,
1344 3888 1486 3939 porta
1508 3883 1751 3928 condensus
1776 3883 1833 3926 ab
1856 3884 1980 3939 ipsa,

890 3963 1122 4008 Mau-orum
1143 3964 1190 4007 in
1214 3977 1376 4008 morem
1402 3963 1557 4009 loevam
1580 3964 1867 4020 dextramque
1893 3964 2089 4019 tepebat,
2206 4018 2209 4022 .

893 4043 1033 4088 Scuta
1056 4044 1134 4087 sub
1157 4044 1312 4089 erectis
1334 4046 1603 4101 eonjunqens
1627 4056 1766 4088 aurea
1780 4042 1895 4099 pilis

890 4123 1012 4169 Eme
1037 4124 1154 4169 latua
1176 4125 1333 4177 cincti,
1357 4125 1602 4180 praestricti
1623 4136 1758 4168 crura
1778 4124 2030 4177 cothurnis,

892 4206 1139 4251 Exstant&
1166 4205 1271 4251 latis
1295 4205 1483 4250 humeris
1508 4204 1713 4261 durisque
1737 4205 1933 4249 lacertis.

535 4290 602 4354 (3)
637 4290 697 4341 In
725 4290 917 4355 clypeo
936 4288 1218 4341 Theodosii
1241 4291 1491 4354 argenteo
1515 4287 1679 4338 fascia
1697 4324 1710 4349 ,
1750 4286 1959 4338 scilicet
1984 4298 2145 4336 aurea
2162 4321 2176 4348 ‚
2207 4284 2375 4354 haste
2397 4288 2601 4350 protec-

464 4387 648 4433 torum
676 4381 993 4444 involvitur;
1021 4380 1101 4432 cf:
1122 4380 1186 4431 de
1208 4379 1371 4431 simili
1401 4378 1566 4429 fascia
1589 4375 1800 4434 Clarae,
1833 4390 1887 4428 n.
1915 4376 2025 4434 555,
2056 4377 2159 4427 tab.
2192 4373 2298 4426 148.
