3488 5421
1794 664 2108 725 -12-

891 822 1047 876 rum
1078 821 1417 876 numeros
1463 799 1592 898 (1).
1631 802 1836 889 Quod
1873 802 2204 893 equidem
2237 780 2542 875 minime
2581 802 3012 876 credendum

891 936 1081 1012 erat,
1125 928 1270 1000 nisi
1308 927 1804 1001 confirmasset
1842 946 1991 1001 rem
2036 927 2255 1001 series
2292 914 2662 1000 titul'orum
2703 928 3015 1021 singula-

890 1052 1076 1124 rium
1119 1060 1187 1125 et
1223 1059 1739 1145 protectorum,
1783 1060 1998 1144 atque
2034 1052 2195 1145 ipsa
2234 1053 2446 1125 etiam
2492 1052 2793 1126 historia
2835 1054 3010 1126 Gor-

891 1175 1089 1249 diani
1129 1177 1582 1269 imperatoris
1631 1175 1761 1273 (2).

988 1282 1212 1375 Αιιῐιό
1238 1304 1406 1387 257,
1451 1301 1976 1394 imperantibus
2035 1302 2353 1393 Pupieno
2393 1309 2463 1375 et
2500 1302 2840 1389 BalbinO,
2885 1304 3019 1375 Ro-

892 1445 1080 1500 mam
1119 1428 1472 1519 praetoriae
1506 1428 1832 1501 cohortes
1871 1426 2054 1500 ferro
2092 1434 2163 1499 et
2199 1428 2347 1518 igni
2388 1434 2840 1500 vastaverunt
2884 1424 3013 1522 (5).

891 1551 1098 1624 Anno
1147 1552 1517 1643 sequenti,
1562 1552 1844 1644 augusti
1898 1553 2242 1642 majorem
2283 1569 2781 1643 germanorum
2832 1551 3018 1622 mili-

891 1683 1044 1748 tum
1073 1684 1375 1767 partem,
1411 1695 1593 1768 quos
1630 1677 1706 1747 in
1746 1676 2096 1748 auxilium
2126 1677 2240 1749 sui
2273 1683 2519 1749 contra
2551 1676 3018 1749 Maximinum

890 1800 1284 1873 acciverant
1329 1797 1457 1896 (4),
1499 1802 1578 1873 in
1622 1800 2077 1874 suburbanas
2125 1797 2218 1894 (5)
2267 1807 2391 1872 aut
2435 1801 2648 1873 etiam
2694 1799 2771 1871 in
2808 1800 3019 1871 urba-

886 1945 1019 1998 nas
1077 1923 1169 2021 (6)
1225 1926 1432 2017 sedes
1488 1926 2051 2009 collocaverunt,
2107 1926 2372 2017 quibus
2431 1925 2773 1999 adversus
2825 1925 3020 1998 inso-

887 2051 1183 2122 lentiam
1237 2051 1832 2142 praetorianorum
1880 2050 2306 2123 niterentur.
2359 2050 2536 2123 Inde
2586 2051 2897 2122 maxima
2943 2050 3018 2121 in

888 2175 1218 2266 praetorio
1258 2193 1427 2246 cura
1474 2198 1491 2245 ε
1535 2175 1685 2247 fore
1730 2180 1811 2245 ut
1846 2174 2245 2246 cohortium
2293 2175 2370 2246 in
2411 2175 2646 2247 locum
2686 2175 3019 2248 Germani

891 2297 1376 2381 succederent,
1403 2315 1653 2370 rursus
1684 2297 1862 2389 ipsae
1894 2297 2108 2369 veluti
2143 2298 2314 2369 olim
2346 2317 2388 2369 a
2418 2298 2734 2389 Septimo
2765 2301 3019 2371 Severo

891 2420 1490 2504 dissolverentur;
1533 2422 1726 2513 quod
1767 2420 1922 2494 fieri
1959 2441 2036 2496 se
2067 2440 2212 2493 non
2252 2441 2596 2513 passuras
2643 2419 2772 2516 (7).
2809 2422 3022 2495 Arma

894 2553 1098 2638 capta
1120 2601 1137 2630 ,
1182 2546 1515 2618 trucidati
1553 2547 1873 2637 augusti,
1919 2546 2319 2619 Gordianus
2358 2566 2582 2619 caesar
2626 2546 2851 2620 factus
2888 2546 3021 2618 im-

893 2679 1176 2764 perator
1212 2669 1340 2767 (8).
1378 2670 1512 2759 Qui
1545 2671 1834 2764 quidem
1869 2673 2252 2745 consilium
2286 2691 2433 2745 non
2465 2671 2811 2764 abjecisse
2844 2690 3019 2765 prae·

894 2794 1194 2868 torianis
1246 2793 1551 2868 nocendi
1608 2794 1889 2869 videtur
1936 2792 2064 2890 (9).
2122 2797 2355 2882 Quum
2401 2815 2637 2889 neque
2690 2797 3023 2869 Germani

955 2994 1027 3059 (1)
1055 2995 1080 3046 1
1096 3032 1109 3052 ,
1141 3009 1196 3059 p.
1230 2994 1342 3046 451.

954 3083 1026 3148 (2)
1056 3084 1104 3148 Ι,
1142 3098 1195 3147 p.
1242 3083 1327 3134 451
1365 3103 1377 3133 ε
1416 3085 1558 3137 Μετὰ
1588 3085 1643 3136 δὲ
1679 3092 1856 3137 τοῦτον
1905 3083 2223 3150 (Pupienum
2263 3085 2406 3152 aug.)
2446 3088 2760 3140 ἑὸασίλευσεν
2801 3086 3022 3152 ’Ῑοννίωρ

838 3194 847 3203 ·
894 3179 1043 3237 μῆνας
1070 3178 1199 3239 τρεῖς
1226 3175 1277 3231 ὃς
1303 3179 1499 3239 πρῶτος
1527 3173 1732 3234 ἐποίησε
1762 3176 2082 3233 κανδιδάτους
2108 3177 2193 3225 καὶ
2220 3164 2585 3242 πρώτίκτωρας.

958 3260 1025 3325 (3)
1058 3260 1407 3322 Herodianum
1438 3261 1486 3324 7,
1523 3259 1598 3325 12,
1627 3260 1676 3311 7.

960 3350 1026 3415 (4)
1058 3348 1276 3412 Herod„
1304 3350 1351 3411 8,
1379 3350 1427 3412 8,
1458 3350 1568 3401 5-7.

956 3438 1025 3504 (5)
1050 3438 1230 3491 Julius
1257 3437 1608 3504 Capitolinus,
1655 3441 1713 3491 V.
1747 3442 1871 3492 Max.
1904 3447 1949 3494 et
1973 3442 2135 3506 Bata,
2172 3442 2228 3493 14
2261 3463 2273 3493 =
2303 3444 2451 3497 Extra
2478 3445 2657 3507 urbem,
2686 3445 2769 3497 ubi
2798 3458 2901 3497 suos
2934 3447 3023 3497 Ιια-

897 3528 1081 3581 babent.

960 3617 1030 3683 (6)
1055 3617 1274 3680 Herod„
1298 3619 1345 3680 8,
1375 3618 1423 3679 8,
1456 3618 1486 3668 2
1512 3638 1524 3667 =
1554 3620 1803 3685 Παρόντες
1824 3623 1895 3687 τῷ
1917 3622 2126 3688 Μαξίμῳ
2154 3624 2205 3674 ἰν
2235 3640 2292 3674 τε
2318 3641 2378 3688 τῃ
2403 3612 2553 3690 ῥώμῃ
2581 3624 2926 3691 διατρίὸοντες.

961 3708 1029 3773 (Ἰ)
1058 3707 1253 3760 Herod.
1270 3747 1284 3770 ,
1315 3707 1364 3771 8,
1395 3709 1442 3768 7,
1474 3709 1504 3758 8
1533 3730 1544 3758 ε
1589 3709 1888 3772 Ἐπανῆλθον
1918 3712 1970 3762 δὲ
1997 3712 2083 3762 καὶ
2105 3715 2151 3762 οἱ
2175 3713 2274 3763 ἀπὸ
2304 3714 2571 3779 Γερμανίας
2598 3715 2879 3774 ἐληλυθότες
2906 3716 3026 3778 σύμ·

897 3815 1047 3864 μαχοι
1080 3815 1092 3829 ·
1124 3800 1318 3876 ἐθάρσει
1340 3800 1435 3866 γὰρ
1465 3800 1628 3850 αὐτῶν
1652 3804 1711 3864 τῇ
1741 3799 1907 3867 εὐνοίᾳ
1935 3798 2245 3864 (Pupienus)
2274 3803 2363 3852 ἅτε
2378 3804 2475 3862 ,καὶ
2497 3808 2585 3853 τοῦ
2617 3803 2779 3861 ἔθνους
2801 3804 3025 3859 ἐπιεικῶς

894 3889 1136 3954 πρότερον
1163 3890 1331 3955 ἄρξας,
1361 3891 1446 3940 ὅτε
1479 3891 1755 3947 [Rufii-zuen
1784 3890 1838 3950 8,
1870 3889 1928 3949 8,
1960 3889 1991 3940 2
2018 3910 2031 3940 2
2070 3890 2386 3950 Ἀντιπάλους
2411 3893 2504 3959 γὰρ
2533 3893 2653 3950 ἕξειν
2679 3894 2876 3953 ἤλπιζον
2911 3893 2953 3943 εἶ
2977 3910 3024 3942 τι

895 3980 1138 4043 τολμῷεν,
1167 3979 1254 4029 καὶ
1286 3981 1560 4046 ἐφεδρεύειν
1590 3982 1758 4040 αὐτοῖς
1790 3981 2109 4041 ὑπώπτευον,
2141 3982 2280 4032 εἶτινι
2304 3981 2433 4048 δόλῳ
2463 3983 2815 4043 ἀποζωσθεῖεν,
2844 3984 3025 4033 ἐκεῖνοι

893 4067 949 4117 δὲ
986 4069 1074 4118 ἅτε
1105 4069 1344 4132 παρόντες
1381 4070 1553 4136 ῥᾳδίως
1586 4072 2013 4131 ὑποκατασταῖεν,
2052 4072 2112 4122 τό
2150 4089 2206 4122 τε
2229 4073 2473 4138 Σεουῆρου
2500 4073 2801 4136 ὑπόδειγμα,
2831 4072 2882 4130 ὃς
2915 4072 3027 4129 τοὺς

896 4157 1189 4246 Περτίνακα,
1204 4159 1593 4218 ἀποκτείναντας
1631 4161 1900 4222 ἆπέζωσεν,
1934 4161 2087 4227 εἰσῄει
2116 4163 2310 4219 αὐτούς.
2340 4157 2423 4211 cf.
2452 4159 2485 4212 J
2490 4162 2560 4212 ul.
2588 4158 2777 4224 Capit„
2811 4160 2870 4210 V.
2897 4160 3024 4211 Max.

897 4251 942 4298 ct
969 4247 1118 4308 Bait„
1163 4247 1217 4297 13
1245 4253 1298 4298 et
1333 4248 1405 4298 14.

965 4335 1034 4399 (8)
1062 4335 1282 4399 Herod„
1312 4334 1423 4388 Jul.
1453 4335 1623 4403 Capit.

957 4425 1029 4489 (9)
1066 4426 1125 4478 V.
1155 4426 1504 4490 Gordianorum,
1534 4428 1613 4491 24,
1645 4428 1676 4479 2
1707 4431 1762 4480 et
1787 4427 1847 4492 33
1875 4427 1954 4492 25,
1983 4429 2033 4482 2.
