3488 5421
1792 599 1869 609 ..-
1913 564 1988 625 50
2033 598 2108 606 ,-

890 705 1171 794 quitur;
1222 722 1457 792 neque
1498 720 1656 772 raro
1705 701 1892 773 inter
1939 718 2026 772 ex
2101 700 2621 791 protectoribus
2671 700 2745 770 in
2789 699 3017 770 titulis
3065 784 3070 789 ,

889 834 1317 900 memoratos
1365 833 1490 898 aut
1531 826 1638 897 vir
1692 824 2256 921 perfectissimus
2310 820 2404 917 (1)
2456 822 2863 914 egregiusve
2913 819 3012 916 (2).

889 959 1012 1023 aut
1058 953 1164 1023 vir
1216 951 1647 1024 ducenarius
1695 947 1789 1045 (5)
1835 949 2223 1022 invenitur.
2268 950 2370 1020 De
2415 947 2831 1019 clarissimis
2871 966 3017 1018 non

889 1076 1183 1167 loquor,
1238 1096 1463 1167 qum,
1515 1083 1597 1148 ut
1649 1075 2150 1157 Ammianum,
2195 1073 2616 1165 gloriosiora
2670 1080 2739 1146 et
2790 1073 3017 1164 magis

889 1200 1170 1273 lucrosa
1207 1199 1439 1273 officia
1475 1201 1889 1273 manebant.

988 1326 1129 1397 Aut
1156 1323 1509 1415 equestris
1541 1323 1941 1396 nobilitatis
1971 1340 2209 1403 causa,
2234 1327 2359 1393 aut
2386 1328 2676 1412 propter
2702 1320 3020 1412 diploma

891 1449 1394 1532 testimoniam,
1439 1449 1555 1520 his
1595 1467 1760 1538 quae
1800 1454 2202 1538 sequuntur
2229 1446 2545 1518 veterani
2578 1464 2664 1518 ex
2698 1444 3013 1517 custodi-

781 1647 785 1650 ,
889 1573 1028 1645 bus
1065 1573 1483 1646 fruebantur
1521 1573 1916 1646 commodis
1961 1596 1978 1642 :

990 1698 1046 1769 l.
1091 1699 1455 1768 Immunes
1495 1703 1699 1768 erant
1735 1696 1827 1767 ab
1873 1696 2071 1767 omni
2113 1713 2335 1785 quum
2377 1694 2828 1786 capitationis
2871 1702 3015 1766 tum

891 1820 1249 1911 vectigalis
1273 1838 1555 1910 genere.
1581 1818 1762 1891 Fisci
1792 1809 2375 1910 procuratoribus
2392 1835 2675 1890 necnon
2702 1818 3019 1910 publica-

894 1946 1006 2015 nis
1036 1942 1619 2022 interdicebatur,
1648 1961 1729 2013 ex
1757 1943 2278 2032 protectoribus
2296 1943 2701 2034 inquietare
2724 1940 2819 2037 (4)
2837 1996 2854 2013 .
2884 1944 3019 2015 Ex-

893 2064 1116 2137 cusati
1139 2082 1426 2155 quoque
1445 2083 1689 2136 eorum
1716 2064 1879 2148 filii,
1903 2072 2222 2157 tempore
2256 2066 2861 2155 antejustinianeo
2882 2062 3010 2160 (5).

990 2189 1078 2260 ΙΙ.
1121 2189 1366 2278 Neque
1406 2189 1781 2260 curialium
1823 2206 2060 2279 neque
2098 2189 2556 2279 collegiorum
2597 2189 3020 2262 muneribus

894 2312 1187 2384 obnoxii
1242 2320 1446 2384 erant
1492 2310 1638 2407 (6);
1689 2331 1904 2404 quam
1958 2314 2486 2403 immunitatem
2527 2321 3020 2387 veteranorum

895 2436 1028 2507 filii
1091 2455 1236 2507 non
1292 2437 1658 2510 habebant
1704 2435 1835 2531 (7).
1880 2437 2054 2508 Inde
2104 2436 2188 2510 fit
2239 2446 2317 2510 ut
2373 2457 2460 2510 ex
2504 2437 3023 2530 protectoribus

887 2564 1007 2653 jus
1061 2560 1525 2642 concedatur,
1567 2561 2006 2653 ubicumque
2044 2561 2328 2652 imperii
2371 2562 2613 2634 sedem
2662 2563 3018 2646 habendi,

895 2704 1109 2776 quam
1180 2685 1400 2758 velint
1462 2685 1767 2777 patriam
1835 2684 2140 2778 eligendi
2227 2682 2354 2780 (8).
2428 2685 2707 2759 Scimus
2783 2667 3020 2760 autem

897 2810 1225 2892 curiales,
1271 2817 1349 2883 ut
1387 2810 1683 2892 curiam,
1728 2811 1830 2881 ita
1867 2811 2218 2883 civitatem
2259 2810 2586 2884 deserere
2626 2831 2774 2884 non
2812 2828 3026 2903 posse

897 2952 1128 3005 suam.

958 3258 1026 3321 (l)
1056 3257 1101 3308 G.
1136 3258 1171 3306 i.
1209 3256 1263 3316 1.‚
1295 3256 1392 3316 ΙΙΙ,
1420 3255 1559 3305 4185.

959 3345 1028 3408 (2)
1050 3344 1131 3396 Cf.
1158 3343 1370 3407 Gruter,
1403 3345 1514 3407 530,
1542 3344 1590 3400 9.
1620 3347 1709 3395 ubi
1741 3346 1807 3396 de
1836 3350 2147 3409 protectore,
2176 3352 2229 3396 at
2259 3360 2364 3397 non
2392 3353 2551 3409 certe,
2584 3350 2777 3413 agitur.

960 3434 1030 3499 (3)
1060 3436 1118 3487 V.
1144 3449 1194 3498 p.
1225 3434 1531 3498 ducen[arius]
1554 3448 1609 3485 ea·
1626 3435 1943 3498 protector-ib„
1976 3435 2025 3486 G.
2056 3437 2092 3484 i.
2121 3435 2174 3495 l„
2210 3434 2308 3495 ΙΙΙ,
2341 3436 2479 3487 1805.

963 3523 1030 3587 (4)
1062 3524 1112 3574 G.
1152 3524 1240 3585 m„
1272 3522 1319 3583 7,
1349 3522 1438 3584 20,
1470 3522 1500 3572 2
1536 3543 1548 3571 ε
1584 3523 1824 3574 Publiceni
1851 3535 2079 3586 quoque...
2117 3524 2173 3573 ab
2209 3524 2280 3575 his
2313 3528 2539 3576 veteranis
2561 3531 2872 3578 amoveantur.
2898 3527 3029 3577 Pisce

898 3619 1052 3663 nostro
1076 3625 1240 3675 quoque
1269 3612 1417 3661 eadem
1442 3611 1634 3674 epistula
1664 3612 1986 3663 interdiximus
2006 3650 2018 3673 ,
2049 3617 2101 3664 ut
2131 3613 2307 3663 nullum
2336 3616 2514 3664 omuino
2543 3629 2597 3664 ezr
2627 3616 2697 3665 his
2734 3616 3030 3678 inquietaret.

898 3702 1069 3761 Adde,
1112 3718 1161 3752 a.
1202 3701 1293 3752 519
1322 3714 1658 3761 concessam,
1696 3703 2102 3776 immunitatem
2137 3703 2464 3766 praebitionis
2503 3705 2760 3765 tironum,
2800 3704 2850 3755 G.
2888 3707 3030 3765 just..

898 3791 946 3849 2,
976 3792 1022 3849 7,
1053 3792 1133 3853 25,
1165 3792 1211 3841 3.

965 3881 1032 3943 (5)
1060 3881 1111 3931 G.
1143 3881 1230 3942 m„
1258 3879 1303 3937 7.
1336 3881 1426 3937 20,
1455 3880 1487 3930 2
1517 3885 1568 3930 et
1609 3880 1658 3931 9.
1688 3879 1771 3931 Cf.
1803 3880 2029 3945 Cagnat,
2062 3882 2122 3932 Le
2146 3884 2425 3944 portorium,
2463 3899 2514 3948 p.
2549 3884 2626 3933 131
2670 3903 2732 3927 =
2759 3884 2841 3934 Les
2869 3883 3036 3946 impote

898 3972 1117 4022 indirecte
1148 3971 1249 4019 citez
1273 3970 1335 4019 les
1361 3971 1588 4032 Romaim,
1622 3985 1674 4034 p.
1711 3970 1813 4020 124.

961 4061 1029 4126 (6)
1059 4060 1106 4111 G.
1141 4061 1227 4120 th„
1257 4058 1306 4119 7,
1335 4059 1415 4116 21,
1447 4059 1493 4109 3.

965 4148 1031 4212 (7)
1060 4150 1110 4200 G.
1138 4150 1223 4208 m„
1257 4148 1329 4209 ¹2,
1360 4148 1400 4200 ί.
1433 4147 1510 4197 89.

962 4240 1027 4301 (8)
1076 4240 1127 4289 C.
1167 4242 1258 4299 τΙι.,
1301 4239 1360 4287 7.
1406 4237 1493 4294 ΞΟ,
1531 4236 1560 4285 8
1593 4253 1603 4285 :
1641 4237 1857 4287 Omnibus
1890 4237 2173 4287 benemeritis
2218 4240 2441 4288 veteranis
2478 4252 2606 4300 quam
2642 4238 2798 4287 volunt
2833 4239 3035 4299 patriam

902 4330 1071 4377 damus.
