3488 5421
1819 488 2099 548 ...8-

903 625 1320 698 missionem
1361 622 1628 714 accepit
1682 621 1989 716 (augusti
2036 621 2372 693 libertum
2431 639 2507 694 se
2559 621 2773 694 frater
2811 623 3022 695 Seve-

902 750 1043 822 rini
1101 745 1329 840 dicit),
1388 748 1487 818 ita
1539 754 1619 819 ut
1665 753 1904 818 custos
1961 746 2275 836 corporis
2314 745 2501 819 inter
2540 745 2922 836 septimum
2961 752 3032 817 et

907 872 1567 964 quadragesimum,
1638 878 1707 943 et
1770 870 2444 962 quinquagesimum
2498 870 2660 941 vitae
2715 888 2864 942 suae
2911 889 3032 942 an-

905 1016 1079 1069 num
1119 996 1355 1068 fuerit.
1392 995 1480 1067 At
1514 995 1913 1086 singulares
1953 996 2179 1066 multo
2211 995 2537 1086 juniores
2576 995 3025 1086 suntzpleri-

907 1114 1057 1213 que'
1082 1120 1330 1211 viginti
1369 1126 1491 1191 aut
1529 1119 1822 1210 triginta
1860 1138 2092 1190 annos
2121 1121 2312 1202 nati,
2359 1119 2567 1190 multi
2609 1120 2821 1191 etiam
2866 1126 3031 1192 ante

905 1244 1319 1316 vicesimum
1359 1262 1630 1314 annum
1661 1244 2103 1334 recipiuntur
2131 1245 2208 1314 in
2250 1244 2566 1322 scholam
2606 1239 2734 1338 (1).

1007 1369 1300 1440 Constat
1335 1367 1551 1459 igitur
1587 1368 1881 1439 ultimos
1921 1367 2168 1439 titulos
2212 1368 2369 1440 sine
2408 1368 2627 1440 dubio
2669 1368 3034 1457 equitibus

910 1492 1396 1584 singularibus
1436 1492 1848 1564 referendos
1903 1492 2038 1563 sub
2093 1492 2477 1565 Maximino
2530 1499 2832 1583 augusto
2885 1492 3034 1562 ins-

911 1618 1172 1707 criptos
1213 1635 1396 1689 esse.

1009 1739 1160 1824 Quo
1199 1744 1517 1830 tempore
1553 1739 1770 1811 silent
1814 1739 1902 1810 de
1953 1739 2439 1830 singularibus
2493 1740 2729 1821 tituli,
2770 1758 3033 1811 novum

911 1865 1226 1955 corporis
1275 1863 1649 1934 custodum
1707 1881 1931 1954 genus
1990 1870 2284 1955 apparet
2329 1889 2345 1934 ε
2400 1864 2487 1935 de
2521 1861 3039 1956 protectoribus

911 1987 1194 2077 loquor.
1243 1988 1477 2058 Prima
1507 1987 1595 2058 de
1630 1988 2149 2078 protectoribus
2177 1986 2444 2059 mentio
2474 1988 2551 2058 in
2580 1988 3037 2077 praetoriano-

915 2130 1072 2182 rum
1109 2111 1492 2194 laterculo,
1536 2131 1602 2182 a.
1629 2113 1788 2181 -227
1832 2111 2057 2183 inciso
2107 2108 2236 2205 (2),
2280 2129 2427 2182 11011
2467 2117 2608 2193 est,
2662 2111 2804 2181 nisi
2851 2130 2917 2181 V.
2971 2129 3032 2181 c.

915 2237 1321 2308 Mommsen*
1347 2233 1636 2305 ‚Iuliani
1660 2231 2139 2328 pr(otectoris)
2205 2235 2544 2307 scribenti
2588 2234 3031 2306 assentiaris.

917 2359 1198 2432 Litterae
1248 2380 1376 2451 pr.
1449 2359 1751 2448 quodvis
1812 2358 2010 2430 aliud
2074 2357 2522 2448 significant,
2594 2377 2808 2448 quam
2857 2379 3033 2449 pro-

914 2488 1130 2552 tector
1166 2479 1295 2576 (5),
1332 2483 1524 2574 quod
1565 2483 1889 2564 verbum,
1929 2483 2135 2554 tertio
2168 2484 2456 2566 saeculo,
2493 2488 2687 2573 prot.
2725 2489 2847 2554 aut
2874 2464 3041 2574 'pro-

916 2612 1070 2678 tect.
1114 2606 1371 2679 litteris
1410 2612 1965 2697 repraesentatur
2007 2607 2084 2677 in
2134 2605 2363 2677 titulis
2415 2603 2544 2699 (4).
2590 2605 2676 2678 At
2715 2605 2887 2678 dicit
2921 2608 3039 2677 Ju-

917 2733 1059 2805 lius
1090 2732 1561 2823 Capitolinus,
1590 2732 1779 2802 inter
1809 2733 2141 2803 Historiae
2168 2739 2630 2821 augustorum
2663 2732 3041 2823 scriptores

918 2874 1135 2937 unuS‚
1174 2854 1638 2937 Gordianum,
1674 2873 1741 2925 a.
1779 2856 1946 2937 257,
1982 2854 2165 2925 circa
2198 2873 2301 2938 se,
2337 2854 2506 2926 dum
2541 2856 3039 2946 Carthaginem

917 2979 1430 3071 ingrederetur,
1471 2984 1902 3069 protectores
1940 2978 2283 3050 habuisse
2329 2974 2457 3072 (ὃ).
2502 2980 2627 3051 Sui
2661 2980 3043 3052 caracallae

917 3110 1350 3196 protectores
1389 3109 1594 3176 erant
1633 3102 1694 3174 si
1725 3103 2102 3194 Spartiano
2140 3102 2514 3176 credamus
2561 3100 2689 3198 (6).
2735 3103 3043 3196 Scripto-

978 3436 1048 3501 (1)
1080 3436 1130 3487 G.
1159 3437 1195 3485 i.
1231 3436 1285 3496 1.,
1318 3433 1410 3496 VI,
1440 3435 1579 3494 3218,
1609 3434 1750 3492 3223,
1779 3436 1919 3491 3230,
1944 3436 2083 3486 3240.

982 3529 1048 3594 (2)
1081 3529 1130 3580 G.
1162 3530 1197 3578 i.
1231 3530 1284 3590 1.,
1321 3527 1416 3587 VI,
1444 3527 1587 3590 2799,
1624 3529 1679 3579 12
1710 3549 1722 3578 2
1762 3522 1805 3583 7
1836 3528 2117 3580 IVLIANI
2156 3529 2268 3580 PR..

982 3618 1049 3681 (3)
1082 3616 1162 3668 Of.
1201 3617 1251 3669 G.
1284 3619 1319 3667 i.
1354 3618 1406 3678 l.,
1451 3616 1557 3679 VI,
1597 3618 1739 3668 2415.
1790 3616 1974 3681 Nuper
2011 3619 2304 3669 Mommsen
2356 3621 2410 3668 in
2461 3621 2683 3684 collegio
2725 3619 2959 3670 Berolini
2991 3635 3041 3669 as
3150 3684 3152 3688 ¹

924 3707 1040 3758 1882
1073 3708 1431 3770 privatissime
1463 3708 1661 3769 habito,
1692 3711 2011 3757 sententiam
2045 3715 2190 3758 recte
2217 3710 2462 3758 mutavit.
2659 3696 2668 3703 ’

985 3796 1050 3860 (4)
1084 3795 1252 3857 Quam
1281 3798 1679 3860 inscriptionem
1711 3797 1776 3846 de
1818 3798 2156 3847 domesticorum
2190 3800 2347 3848 comite
2376 3800 2675 3861 loquentem
2705 3799 2905 3862 profert
2941 3798 3043 3847 Le-

1 3892 6 3931 1
920 3886 1045 3936 nain
1071 3885 1135 3935 de
1156 3884 1464 3947 Tillemont,
1503 3886 1705 3937 Histoire
1736 3888 1812 3938 des
1836 3900 2109 3950 empereurs,
2139 3886 2245 3945 ΙΙΙ,
2276 3902 2328 3951 p.
2357 3887 2450 3938 292
2481 3879 2689 3952 (Orelli',
2717 3886 2882 3952 1001),
2907 3888 3043 3952 ligo-

921 3975 1123 4025 rianam
1148 3987 1263 4025 esse
1290 3974 1520 4023 dubitari
1550 3988 1656 4024 non
1685 3978 1874 4038 potest.

985 4063 1053 4127 (5)
1090 4063 1148 4113 V.
1175 4064 1385 4124 Maxim„
1420 4060 1476 4111 14
1508 4082 1519 4110 ε
1551 4062 1662 4113 Inde
1685 4063 2000 4125 Carthaqinem
2019 4066 2144 4117 venit
2173 4078 2270 4116 cum
2297 4077 2459 4129 pompa
2485 4064 2630 4128 recoli
2656 4070 2699 4116 et
2717 4064 3046 4129 protectoribus

920 4158 964 4205 ot
986 4152 1187 4215 fascibus
1210 4152 1444 4203 laureatis.
2403 4153 2408 4156 “

982 4241 1050 4305 (6)
1086 4242 1144 4293 V.
1173 4242 1289 4294 Ant.
1320 4241 1499 4305 Corae„
1525 4243 1554 4293 5
1584 4246 1638 4293 et
1664 4242 1714 4293 6.
