3488 5421
1744 582 2063 642 ..48—

833 737 992 801 suS,
1044 725 1315 808 partem
1376 718 1747 790 dimidiam
1815 718 2223 790 divitiarum
2280 718 2753 809 pauperibus,
2800 719 2959 791 reli-

832 860 1047 931 quam
1075 841 1486 931 imperatori
1515 841 1735 912 donat
1774 839 1901 936 (1).
1929 842 2320 912 Delubrum
2350 841 2490 913 diis
2521 861 2650 933 pro
2680 845 2961 933 augusti

830 965 1062 1037 reditu
1093 965 1398 1037 aedificat
1419 965 1750 1037 Aurelius
1782 967 2087 1037 Faustus
2124 963 2253 1060 (2).
2289 968 2369 1037 In
2401 966 2793 1057 municipio
2829 986 2959 1038 suo

828 1089 920 1161 M.
980 1088 1313 1161 Aurelius
1368 1089 1694 1160 Valerius
1739 1090 1927 1161 inter
1977 1090 2327 1180 primores
2379 1095 2529 1161 erat
2583 1114 2600 1159 ε
2656 1090 2961 1180 pecunia

829 1230 963 1282 sua
1006 1212 1320 1284 thermas
1369 1213 1646 1284 restitui
1696 1213 1999 1295 curavit,
2046 1213 2334 1303 epulas,
2381 1213 2647 1303 quibus
2694 1231 2957 1303 praeses

829 1333 1213 1422 provinciae
1250 1333 1613 1415 interfuit,
1667 1340 1747 1404 ut
1792 1333 2112 1421 videtur,
2157 1335 2429 1407 civibus
2469 1335 2777 1425 praebuit
2822 1332 2950 1429 (5).

925 1456 1016 1528 At
1050 1456 1234 1528 illud
1268 1457 1455 1529 inter
1484 1463 1960 1548 protectorum
2002 1457 2369 1550 privilegia
2400 1458 2709 1529 maxime
2744 1477 2957 1550 appe-

829 1581 1123 1654 tendum
1151 1580 1549 1664 videbatur,
1576 1581 1771 1672 quod
1797 1584 2296 1673 imperatorem
2328 1583 2625 1656 adorare
2647 1583 2763 1655 die
2789 1602 2957 1673 quo-2

829 1726 969 1797 que
996 1709 1277 1799 solenni
1301 1706 1720 1780 custodibus
1748 1707 1971 1780 divini
2002 1707 2245 1780 lateris
2276 1708 2534 1779 licebat
2571 1705 2664 1801 (4)
2683 1762 2700 1779 .
2734 1708 2953 1798 CuJ‘us

825 1830 1264 1903 adorationis
1322 1830 1485 1902 talis
1537 1837 1687 1900 erat
1735 1829 1916 1901 ritus
1963 1853 1979 1900 ε
2024 1829 2399 1901 incedebat
2457 1833 2811 1919 protector
2861 1829 2953 1901 ad

827 1973 1105 2026 sacrum
1129 1955 1417 2036 solium,
1449 1954 1774 2025 flectebat
1799 1972 2020 2045 genu,
2054 1954 2508 2045 contingebat
2538 1973 2756 2024 manu
2785 1972 2953 2044 pur-

824 2096 1064 2167 pureae
1086 2076 1480 2167 chlamydis
1507 2084 1949 2168 segmentum
1973 2077 2166 2167 quod
2187 2077 2343 2168 ipse
2369 2077 2433 2148 ei
2457 2076 2796 2150 tendebat
2820 2078 2950 2149 im-

824 2207 1107 2290 perator
1149 2197 1279 2294 (5).
1324 2200 1404 2271 Id
1442 2199 1619 2270 adeo
1659 2198 1916 2270 honori
1956 2199 2370 2280 ducebatur,
2408 2206 2486 2271 ut
2522 2200 2648 2289 qui
2679 2218 2947 2272 sacram

823 2331 1087 2397 vestem
1141 2351 1173 2389 ι
1213 2326 1618 2415 contingere
1674 2323 1871 2414 digni
1926 2323 2260 2396 aestimati
2318 2351 2348 2388 »
2409 2331 2692 2407 essent,
2748 2342 2949 2396 oscu-

822 2444 1021 2516 landi
1050 2446 1263 2518 etiam
1293 2445 1717 2536 spectabiles
1747 2444 1936 2516 viros
1969 2472 2000 2509 α
2031 2445 2380 2518 haberent
2409 2453 2831 2536 potestatem
2856 2474 2886 2511 »
2925 2470 2942 2516 ε

820 2571 1102 2643 vicariis
1141 2568 1601 2660 quibusdam,
1638 2569 1809 2640 viris
1850 2557 2389 2660 spectabilibuS,
2426 2572 2746 2642 osculum
2777 2591 2948 2662 ,pro-

819 2694 1204 2766 tectoribus
1244 2693 1789 2785 denegantibus,
1826 2694 2113 2786 scripsit
2142 2695 2586 2768 Theodosius
2616 2670 2945 2787 praefecto

818 2826 899 2891 ut
948 2819 1094 2890 illis
1155 2826 1497 2908 tanquam
1554 2818 2003 2910 sacrilegium
2055 2819 2602 2894 admittentibus
2657 2840 2942 2912 poenam

819 2942 1213 3016 minaretur
1259 2939 1351 3037 (6)
1369 2996 1386 3013 .

912 3254 1068 3326 Non
1131 3252 1462 3325 videntur
1525 3251 1897 3325 domestici
1954 3254 2226 3345 majora
2292 3248 2661 3346 privilegia
2728 3273 2944 3344 quam

816 3385 1247 3467 protectores
1298 3378 1655 3468 accepisse
1710 3375 1824 3471 (de
1871 3378 2373 3451 emolumentis
2428 3397 2574 3450 non
2622 3376 2934 3471 loquor).

879 3631 946 3696 (l)
984 3633 1102 3683 Acta
1130 3636 1412 3692 sauctorum,
1454 3628 1656 3689 Martii,
1695 3630 1724 3679 8
1746 3670 1757 3688 ,
1791 3631 1848 3692 l,
1881 3646 1931 3694 p.
1966 3631 2059 3682 755
2091 3651 2103 3681 ε
2139 3633 2199 3682 Ut
2225 3632 2416 3681 mediam
2447 3632 2719 3693 facultatum
2746 3644 2940 3682 mearum

812 3723 906 3785 ipse
928 3734 1173 3786 praesumas
1200 3726 1245 3772 et
1270 3721 1460 3769 mediam
1487 3722 1665 3782 eroqari
1684 3720 1844 3782 jubeas
1863 3722 2135 3784 pauperibus
2164 3727 2208 3771 et
2225 3721 2442 3784 pupillis,

873 3812 942 3875 (2)
973 3810 1204 3861 Βυῑῑετίπο
1233 3809 1334 3859 dell’
1363 3809 1609 3867 Instituta.
1651 3809 1796 3868 1861,
1821 3824 1873 3873 p.
1913 3809 1995 3860 123
2029 3828 2091 3852 =
2122 3808 2305 3870 Orelli,
2338 3807 2484 3869 18693
2514 3810 2585 3859 cf.
2612 3824 2663 3873 p.
2695 3808 2775 3866 20,
2807 3824 2858 3858 n.
2888 3812 2935 3859 5.

872 3899 942 3965 (3)
968 3899 1017 3950 G.
1043 3901 1080 3949 i.
1113 3900 1167 3957 l..
1201 3898 1296 3960 ΠΙ,
1332 3897 1470 3948 1805.

873 3991 940 4057 (4)
972 3991 1022 4043 G.
1056 3991 1141 4052 tlt„
1172 3990 1221 4053 6,
1250 3988 1330 4051 24,
1355 3987 1383 4036 4
1409 4002 1422 4037 :
1453 3987 1716 4049 contingere
1742 3992 1944 4037 nostram
1966 4002 2212 4051 purpuram
2235 3989 2364 4050 <tiqui
2387 3994 2491 4039 suat
2516 3990 2749 4040 aestimati.

872 4083 942 4148 (5)
970 4080 1051 4131 Ex
1078 4079 1361 4130 Ammiano
1381 4115 1393 4139 ‚
1425 4078 1496 4140 15,
1526 4078 1574 4138 5,
1608 4077 1688 4139 18;
1721 4076 1802 4139 21,
1832 4076 1879 4139 9,
1912 4076 1960 4127 8.

871 4173 941 4239 (6)
973 4173 1023 4225 G.
1055 4174 1141 4235 tlt„
1171 4172 1230 4228 6,
1253 4170 1332 4232 24,
1366 4168 1395 4217 4
1426 4188 1439 4218 ε
1470 4169 1710 4218 Domestici
1741 4182 1793 4217 ac
1817 4174 2091 4231 protectores
2126 4168 2391 4229 osculandi,
2433 4181 2565 4230 quum
2606 4168 2934 4231 salutaverint,

809 4265 1006 4314 vicarios
1039 4264 1126 4313 Tui
1155 4262 1373 4314 culminis
1406 4259 1664 4325 (praetecti
1693 4259 1960 4321 praetorio)
1993 4258 2183 4308 habeant
2216 4264 2480 4321 potestatem
2511 4273 2524 4308 ε
2549 4272 2679 4321 poeua
2709 4261 2826 4308 euim
2843 4272 2934 4309 sa—

811 4353 989 4413 criteqii
1015 4351 1180 4401 similis
1203 4352 1319 4408 erit,
1343 4350 1386 4397 si
1413 4349 1484 4397 his
1509 4347 1848 4407 honorificentia
1872 4360 1961 4396 nou
1986 4347 2233 4407 deseratur,
2264 4347 2343 4407 qui
2366 4348 2620 4408 continqere
2636 4386 2648 4408 ,
2675 4352 2779 4398 etc.
