3488 5421
1711 625 2031 688 ...84—

812 758 1547 838 servire'indicantur.
1606 765 1833 851 Quam
1873 764 1967 836 ol)
2006 780 2294 834 causam
2334 762 2667 836 custodes
2706 763 2935 855 impe-

814 898 1127 963 ratorum
1167 907 1315 960 non
1361 889 1508 979 jam
1566 888 1702 960 sub
1756 887 2079 961 Heraclio
2126 885 2220 981 (1)
2269 887 2700 961 domesticos
2730 940 2748 970 ,
2813 886 2940 960 sed

813 1013 1288 1097 excubitoreS,
1331 1013 1498 1084 item
1538 1030 1782 1084 eorum
1824 1011 2222 1103 praefectos,
2264 1030 2411 1083 non
2451 1013 2773 1094 comites,
2814 1011 2942 1083 sed

811 1137 1241 1210 domesticos
1282 1137 1775 1209 excubitorum
1813 1135 2160 1227 appellari
2200 1155 2494 1209 necesse
2532 1136 2693 1208 fuit.

910 1260 1212 1333 Cen-tum
1251 1266 1414 1349 post
1460 1277 1730 1341 annos,
1776 1266 2117 1351 regnante
2162 1259 2635 1331 Constantino
2689 1267 2943 1349 quarto

815 1384 1263 1475 Copronymo
1328 1381 1698 1477 (741-775)
1728 1437 1748 1466 ,
1804 1384 1988 1455 circa
2038 1391 2420 1476 augustum
2470 1381 2937 1465 eoecubitores‚

814 1506 951 1579 suh
1002 1505 1476 1598 dispositione
1512 1505 1872 1578 domestici
1916 1505 2446 1587 eoecubitorum,
2498 1507 2820 1589 stabant,
2864 1508 2941 1579 in

814 1631 1096 1725 duabus
1135 1632 1437 1714 scholis,
1500 1632 1769 1704 scilicet
1805 1633 1881 1703 in
1920 1627 2351 1727 ἀσπιδοφόροις
2382 1638 2451 1704 et
2484 1632 2561 1703 in
2598 1626 2945 1727 δορυφόροις

814 1755 1086 1828 collecti
1148 1753 1277 1850 (2).
1338 1757 1620 1829 Decimo
1675 1757 1973 1839 saeculo,
2018 1756 2416 1848 imperante
2472 1757 2944 1829 Constantino

817 1880 1421 1971 porphyrogenito
1468 1876 1839 1974 (eu-959)
1887 1879 2067 1953 duas
2112 1899 2400 1971 quoque
2451 1880 2944 1953 excubitorum

816 2004 1098 2075 scholas
1158 2004 1564 2076 invenimus
1611 1999 1705 2097 (5)
1764 2028 1781 2074 ε
1827 2004 2101 2096 priores
2141 2016 2454 2098 σκῆπτρα,
2512 2004 2943 2097 posteriores

819 2130 995 2200 σκεύη
1063 2128 1497 2199 vocabantur
1531 2182 1548 2209 ,
1647 2128 1918 2202 scilicet
1981 2137 2269 2220 propter
2336 2129 2754 2201 vexillorum
2822 2136 2946 2201 aut

813 2269 1175 2323 armorum
1216 2269 1477 2343 genus,
1531 2252 1797 2343 quihus
1836 2253 2451 2345 insigniebantur;
2512 2254 2589 2325 in
2641 2261 2945 2344 utraque

812 2377 1056 2467 plures
1087 2376 1369 2449 numeri
1396 2385 1601 2449 erant
1621 2431 1641 2461 ,
1678 2379 1867 2451 inter
1895 2396 2105 2469 quos,
2146 2380 2222 2450 in
2253 2379 2643 2471 posteriore
2668 2378 2938 2462 schola,

813 2517 1158 2571 numerus
1193 2502 1606 2596 προτικτόρων
1629 2555 1647 2588 ,
1706 2519 2052 2574 numerus
2106 2504 2432 2597 σινατόρων
2454 2555 2472 2588 ,
2527 2509 2598 2575 et
2645 2501 2875 2574 caeteri
2922 2525 2939 2570 ε

815 2622 1330 2715 decemprimos
1353 2624 1569 2716 (quos
1590 2626 2067 2718 Hieronymus
2085 2631 2450 2698 senatores
2467 2623 2783 2718 vocabat)
2811 2621 2905 2720 (4)
2919 2677 2938 2715 ‚

813 2754 883 2818 et
919 2754 1351 2838 protectores
1389 2749 1593 2822 facile
1629 2769 2011 2842 agnoscere
2050 2757 2182 2823 est.

880 3002 946 3065 (i)
973 3000 1113 3065 Ergo
1141 3004 1277 3055 inter
1308 3018 1474 3055 annos
1501 3004 1596 3056 610
1621 3009 1674 3056 et
1695 3004 1808 3056 624.
1843 3004 1958 3067 Qua
1988 3007 2053 3058 de
2083 3021 2140 3057 re
2172 3012 2349 3059 tamen
2389 3007 2520 3059 nihil
2550 3007 2706 3072 plane
2733 3009 2941 3058 certum

814 3108 971 3156 posse
999 3095 1104 3145 dici
1136 3096 1379 3146 fatemur.

876 3182 940 3245 (2)
970 3179 1300 3247 Nicephorus
1322 3187 1959 3251 constantinopolitanun,
1990 3186 2075 3239 ed.
2103 3190 2284 3247 boun„
2310 3202 2363 3252 p.
2388 3186 2476 3247 83,
2512 3186 2583 3238 14.

875 3272 942 3334 (3)
974 3272 1035 3321 De
1065 3276 1366 3334 caerimoniis,
1400 3274 1441 3328 l.
1479 3278 1518 3334 1,
1550 3277 1607 3336 53
1646 3275 1686 3335 l,
1718 3275 1797 3336 38,
1835 3276 1886 3338 ¹3
1920 3277 1965 3337 1,
1991 3275 2077 3338 403
2114 3278 2155 3338 l,
2186 3276 2264 3336 41,
2292 3275 2537 3337 3;2,15‚
2564 3278 2664 3326 etc.

879 3359 945 3425 (4)
982 3362 1043 3413 P.
1071 3362 1151 3413 67.
