3488 5421
1848 606 2168 670 ...34-

941 766 1078 820 nus
1117 743 1247 841 (1).
1287 745 1567 837 Saepius
1595 751 1835 821 autem
1874 744 2203 836 digniora
2240 744 2603 836 stipendia
2634 745 3006 818 merebant
3049 771 3069 816 ε

939 870 1276 945 Mauricio
1315 875 1692 960 regnante,
1737 887 1959 958 quum
2000 869 2090 940 ab
2132 868 2379 940 Avaris
2417 887 2637 960 prope
2673 875 3078 960 expugnata

941 993 1603 1084 Constantinopolis
1673 1001 1742 1066 et
1807 991 2188 1084 imperium
2256 993 2619 1064 sublatum
2685 998 2913 1076 esset‘,
2980 993 3071 1065 ad

938 1118 1190 1209 longos
1238 1134 1484 1187 muros
1522 1116 2001 1207 protegendos
2052 1134 2348 1208 remque
2384 1115 2747 1207 publicam
2788 1135 3074 1190 servan-

941 1240 1107 1313 dam
1148 1239 1568 1313 custodibus
1605 1238 1760 1311 suis
1798 1258 1976 1311 usus
2016 1247 2123 1312 est
2156 1246 2504 1331 augustus
2550 1237 2679 1333 (2).

1039 1367 1260 1439 Multa
1316 1364 1532 1455 igitur
1564 1363 1872 1455 ’negotia
1928 1364 2020 1436 ad
2058 1364 2360 1437 salutem
2417 1365 2830 1456 reipublicae
2877 1384 3077 1457 spec-

943 1489 1169 1563 tantia
1215 1489 1635 1569 custodibus
1680 1488 2148 1578 imperatores
2199 1488 2643 1562 mandabant
2696 1490 2884 1562 suis.
2918 1492 3084 1563 Non

941 1617 1348 1707 principum
1389 1614 1607 1686 modo
1642 1613 1984 1687 eumd&
2015 1623 2224 1686 erant
2266 1621 2699 1705 protectores
2738 1614 3076 1689 domesti-

944 1741 1177 1830 cique,
1218 1739 1346 1811 sed
1383 1739 1668 1828 imperii
1711 1756 2027 1828 quoque,
2063 1745 2142 1810 ut
2182 1741 2281 1810 ita
2310 1738 2579 1821 dicam,
2623 1724 3070 1823 defensores,

940 1867 1166 1937 lectus
1197 1864 1333 1935 sub
1371 1868 1839 1953 augustorum
1881 1861 2356 1952 dispositione
2394 1880 2776 1946 numerus,
2817 1845 3078 1936 manus

942 1987 1035 2059 ad
1068 1986 1478 2077 reipublicae
1504 2004 1898 2075 eorumque
1930 1987 2174 2058 hostes
2209 1988 2765 2060 summovendos
2797 2006 3079 2080 semper

943 2118 1298 2204 prompta.
1362 2109 1673 2202 Principi
1726 2109 2223 2181 tantummodo
2279 2112 2686 2184 serviebant
2740 2113 3074 2185 Germani

951 2243 1021 2308 et
1058 2236 1335 2326 equites
1385 2234 1812 2326 singulares.
1860 2234 2061 2306 Circa
2101 2234 2496 2327 principem
2551 2238 2839 2328 proprie
2891 2237 3078 2308 mili-

950 2367 1105 2432 tant
1133 2366 1564 2451 protectores
1608 2382 1626 2429 :
1672 2358 1802 2430 sed
1838 2359 1929 2429 ab
1974 2377 2057 2431 eo
2101 2359 2409 2451 publicis
2444 2378 2733 2452 quoque
2776 2361 3079 2452 negotiis

950 2484 1386 2558 adhibentur
1408 2537 1425 2562 .
1459 2483 1899 2574 reipublicae,
1933 2492 2014 2555 ut
2040 2484 2211 2555 olim
2246 2484 2688 2575 praetoriani,
2721 2485 3075 2569 serviunt;

951 2617 1115 2698 aut,
1174 2615 1254 2682 ut
1303 2608 1560 2681 melius
1601 2608 1874 2690 dicam,
1920 2608 2072 2680 suis
2112 2607 2532 2680 custodibus
2596 2610 2822 2681 utitur
2884 2609 3081 2701 prin-

953 2755 1116 2828 ceps
1155 2735 1249 2807 ad
1284 2753 1398 2806 res
1436 2733 1761 2823 publicas
1818 2733 2113 2804 arbitrio
2166 2751 2298 2805 suo
2358 2733 2791 2805 tractandaS.
2845 2735 3077 2820 Quum

954 2859 1243 2951 publica
1314 2864 1382 2929 et
1446 2856 1720 2948 privata
1787 2873 2088 2927 munera
2150 2857 2250 2927 ita
2312 2856 2953 2940 confunderentur,
3002 2857 3081 2929 in

954 2981 1406 3076 tyrannidem
1487 2979 1880 3052 dominatio
1913 3033 1930 3062 ,
2015 2979 2091 3050 in
2181 2981 2667 3052 monarchiam
2744 2982 3084 3072 gliscebat

953 3106 1364 3199 imperium.
1434 3104 1794 3176 Adversus
1868 3122 2203 3177 caesarem
2270 3106 2551 3177 Gallum
2577 3160 2594 3188 ,
2639 3126 2680 3177 a
2722 3125 2864 3197 quo
2896 3108 3082 3197 jussi

954 3238 1386 3324 protectores
1445 3229 1930 3299 Domitianum
1998 3229 2407 3319 praefectum
2468 3231 2801 3320 praetorio
2858 3232 3080 3303 corri-

954 3361 1293 3446 puerant.
1354 3354 1672 3424 invectus
1723 3359 1833 3424 est
1885 3353 2195 3424 Montius
2233 3361 2582 3443 quaestor,
2628 3381 2661 3417 ι
2701 3357 3083 3427 consulens

958 3479 1033 3550 in
1074 3495 1451 3551 commune
1488 3504 1518 3541 ιι
1574 3474 1702 3570 (5).

1019 3764 1089 3826 (1)
1119 3762 1335 3821 Malala5
1360 3761 1486 3822 Chr„
1516 3762 1590 3815 18.
1619 3761 1701 3811 ed.
1732 3764 1915 3822 bonu„
1945 3776 1998 3825 p.
2033 3761 2139 3822 483,
2170 3761 2246 3811 12.

1020 3852 1086 3917 (¹2)
1117 3851 1545 3914 'theophylactus
1569 3848 1876 3911 simocatta,
1903 3851 2109 3900 Historia
2132 3851 2367 3911 Mauricii,
2393 3850 2441 3908 7.
2475 3849 2545 3910 15,
2573 3850 2657 3900 ed.
2683 3851 2864 3910 boun„
2892 3863 2947 3912 p.
2972 3849 3085 3911 298,

960 3943 1017 3994 14
1050 3961 1062 3990 z
1092 3943 1216 3999 Τοὺς
1244 3941 1775 4005 σωματοφύλακας
1808 3940 2063 3990 ἀναλαὸὼν
2081 3978 2092 3995 .
2119 3941 2201 3997 οὓς
2231 3940 2585 4004 ἐξκουὸίτωρας
2629 3938 2866 4003 Ῥωμαῖοι
2900 3939 3087 4001 ἀναγο-

956 4034 1155 4095 ρεύουσι
1172 4066 1186 4090 ,
1213 4031 1299 4081 καὶ
1324 4030 1383 4080 τὸ
1415 4030 1665 4080 ὁπλιτικὸν
1689 4029 2063 4092 συλλεξάμενος,
2091 4030 2155 4080 τὰ
2185 4030 2351 4095 μακρὰ
2377 4029 2700 4093 διεφροΰρησε
2727 4027 2885 4091 τείχη.

1024 4119 1092 4183 (3)
1123 4120 1299 4168 Amm.
1325 4116 1506 4174 Marc..
1544 4117 1623 4171 14.
1648 4115 1700 4173 7,
1736 4114 1811 4166 12.
