3488 5421
20 3287 45 3438 Ἶῌ

1419 621 1700 683 ..9-

500 782 612 836 res
667 770 903 836 autem
972 760 1303 833 Historiae
1367 766 1686 851 augustae
1741 761 2167 850 plerumque
2232 757 2321 828 iis
2387 756 2623 828 verbis

498 894 834 968 utuntur,
892 904 1057 976 quae
1097 904 1228 956 sua
1273 885 1596 975 ipsorum
1636 890 1808 955 aetas
1858 882 2249 954 adhibebat
2294 907 2309 952 ε
2353 886 2626 973 protec-

497 1019 688 1084 tores
725 1010 1176 1101 appellantur
1213 1007 1406 1098 apud
1444 1026 1565 1079 eos
1604 1007 1728 1097 qui
1766 1024 2007 1078 revera
2054 1006 2331 1096 equites
2388 1005 2629 1096 singu-

498 1134 684 1206 lares
744 1140 972 1205 erant.
1042 1133 1389 1204 Caeterum
1454 1131 1744 1202 Cassius
1800 1131 1932 1201 Dio
1995 1136 2065 1200 et
2131 1128 2620 1212 Herodianus,

499 1257 834 1329 fidissimi
881 1264 1095 1347 atque
1148 1255 1554 1327 fidelissimi
1602 1255 1792 1326 inter
1840 1253 2256 1337 historicOS‚
2301 1259 2369 1323 et
2408 1254 2621 1324 Seve-

499 1401 737 1455 rorum
793 1380 1412 1471 contemporanei,
1480 1379 1568 1450 de
1631 1379 1911 1470 Scythis
1983 1375 2126 1472 (1),
2190 1377 2279 1449 de
2341 1378 2627 1448 Germa-

498 1507 614 1578 nis
653 1503 781 1601 (2),
813 1505 901 1576 de
937 1504 1264 1575 barbaris
1305 1503 1721 1575 custodibus
1762 1504 2161 1595 saepissime
2196 1504 2620 1592 loquuntur,

500 1631 587 1702 de
626 1626 1144 1721 protectoribus
1184 1646 1585 1718 nunquam.

598 1755 911 1825 Primum
951 1757 1313 1844 protector
1358 1753 1435 1822 in
1493 1752 1806 1855 arretino
1857 1751 2066 1822 titulo
2096 1804 2113 1833 ‚
2172 1751 2249 1820 T.
2296 1748 2626 1820 Petronio

497 1879 912 1964 Volusiano,
949 1878 1226 1949 consuli
1257 1876 1733 1967 praefectoque
1771 1876 2131 1966 praetorio,
2168 1894 2235 1944 a.
2273 1875 2401 1943 261
2436 1872 2627 1945 dedi-

499 2009 651 2074 cato
677 2057 693 2084 ‚
744 2003 1002 2092 legitur
1057 1997 1186 2096 (5).
1243 2002 1617 2073 Petronius
1667 2001 2091 2092 priusquam
2136 1997 2626 2090 praefecturam

498 2126 791 2216 vigilum
847 2125 1129 2208 induit,
1190 2125 1515 2195 tribunus
1567 2125 1871 2196 cohortis
1903 2098 2175 2216 prim'ae
2208 2120 2582 2216 proetorioe
2606 2174 2622 2203 ,

485 2256 850 2344 protector
886 2255 1358 2339 anqustorum
1378 2305 1395 2333 ‚
1438 2249 1608 2342 fuit.

595 2374 858 2445 Eadem
923 2375 1349 2464 protectoria
1416 2373 1760 2464 dignitate
1823 2372 2121 2444 indutus
2172 2378 2321 2455 est,
2388 2370 2627 2440 Carini

498 2506 703 2604 aetate
740 2497 848 2592 (ea
888 2498 1179 2588 quidem
1220 2505 1466 2570 nostra
1496 2497 1740 2589 opinio
1783 2494 1948 2589 est),
1982 2495 2304 2564 tribunus
2335 2495 2627 2585 quidam

497 2623 794 2694 cohortis
852 2629 1073 2693 seaetae
1122 2623 1523 2717 proetorioe,
1583 2624 1708 2715 qui
1757 2623 1892 2694 sim
1903 2624 1973 2694 ul
2037 2629 2105 2694 et
2153 2626 2629 2715 protectorum

498 2755 970 2842 anqustorum
1009 2748 1423 2821 nominatur
1470 2746 1609 2841 (4).-

595 2876 837 2965 Neque
902 2874 1304 2947 donabatur
1376 2873 1588 2946 modo
1664 2873 2157 2964 praetoriarum
2229 2872 2626 2943 cohortium

560 3128 634 3192 (Ιῖ
651 3126 864 3179 Cassius
886 3125 1004 3183 Dio,
1035 3126 1112 3186 78,
1144 3128 1172 3176 5
1204 3146 1216 3176 t
1251 3126 1368 3178 Ύπό
1397 3144 1528 3184 τινος
1554 3132 1652 3177 τῶν
1679 3129 1875 3177 Σκυθῶν
1905 3131 2004 3176 τῶν
2036 3128 2123 3176 σὺν
2162 3125 2441 3190 Ἀντωνίνῳ
2471 3128 2627 3176 ὄντων

495 3218 871 3278 καθηκοντίσθη.
1654 3257 1664 3265 .

557 3306 629 3369 (2)
666 3306 1023 3362 Herodianus,
1063 3304 1122 3365 4,
1158 3304 1242 3363 13.
1279 3304 1309 3355 6
1346 3321 1358 3354 :
1395 3307 1698 3372 Γερμανοὶ..
1742 3310 1936 3361 ἱππεῖς,
1972 3306 2044 3362 οἷς
2072 3308 2099 3355 ὁ
2145 3303 2430 3361 Ἀντωνῖνος
2464 3305 2631 3369 ἔχαιρε

495 3400 722 3462 φρουροῖς
748 3413 804 3446 τε
828 3401 917 3446 τοῦ
950 3395 1183 3459 σώματος
1215 3397 1421 3461 ἐχρῆτοτ,
1451 3395 1522 3445 cf.
1550 3410 1603 3458 p.
1635 3395 1681 3456 5,
1715 3408 1770 3444 n.
1803 3394 1849 3443 4.

559 3485 627 3550 (3)
656 3483 988 3546 WilmannS,
1023 3483 1143 3534 1639
1174 3499 1186 3534 :
1219 3486 1348 3535 Trib.
1382 3486 1476 3536 coh.
1515 3487 1675 3548 primoe
1703 3489 1838 3548 praet.
1865 3489 2059 3548 protect.
2095 3498 2228 3546 auqq.
2268 3497 2350 3535 πη.
2386 3482 2463 3533 De
2500 3481 2629 3533 Gal-

497 3576 640 3626 lieno
673 3578 726 3624 et
768 3572 1052 3623 Valeriano
1092 3574 1268 3638 agitur
1305 3590 1318 3625 :
1365 3575 1509 3638 atqui
1558 3573 1876 3625 Valerianus
1922 3578 2206 3638 augustum
2244 3574 2411 3624 filium
2452 3589 2500 3623 a.
2535 3571 2629 3624 254

499 3664 726 3724 creavit,
757 3666 877 3726 post
906 3678 954 3712 a.
986 3661 1080 3713 262
1104 3664 1253 3713 obiit.
1284 3664 1363 3715 cf.
1396 3663 1612 3726 Ferret,
1642 3666 1944 3728 Exploration
1974 3665 2309 3727 archeoloqique
2340 3665 2391 3712 de
2419 3664 2464 3714 la
2494 3662 2629 3713 Gala-

500 3752 578 3812 tie,
625 3750 668 3806 1,
704 3766 755 3813 p.
791 3751 851 3813 Ἲς
882 3749 1129 3808 Henzen,
1159 3753 1793 3818 Bulletinoldell'lnstituto,
1830 3754 1975 3811 1863,
2007 3769 2061 3817 p.
2101 3753 2206 3804 123.
2244 3750 2479 3815 Uterque
2505 3765 2627 3801 cum

499 3836 713 3897 Gruter,
760 3837 904 3900 1028,
944 3837 976 3887 2
1007 3859 1018 3888 ε
1065 3840 1207 3902 Praef.
1243 3847 1440 3904 protect.
1477 3842 1621 3905 legit.
1662 3840 1803 3899 Vera
1836 3843 1992 3892 lectio
2020 3857 2050 3892 a
2078 3841 2230 3904 Gori‚
2261 3844 2379 3892 Mus.
2415 3846 2521 3902 etr„
2552 3839 2624 3894 11.

497 3942 550 3991 p.
588 3926 691 3990 189,
729 3929 772 3986 1,
808 3928 1053 3978 restituta
1081 3930 1198 3979 fuit.

559 4015 629 4079 (4)
659 4014 709 4066 G.
746 4017 782 4064 i.
821 4016 872 4075 1..
907 4015 1004 4077 ΙΙΙ,
1045 4016 1168 4066 3126
1201 4037 1213 4066 ε
1252 4018 1381 4068 Trib.
1414 4020 1507 4070 coh.
1548 4021 1616 4071 VI
1640 4026 1776 4083 praet.
1809 4025 1853 4070 et
1874 4025 2118 4084 protector.
2151 4033 2310 4081 auqqq.
2347 4032 2459 4069 nnn.
2491 4017 2629 4068 Mor-

499 4108 625 4154 tuus
652 4111 732 4155 est
757 4101 921 4153 Carus
950 4105 1088 4154 inter
1111 4105 1164 4155 d.
1192 4106 1350 4157 XXV
1377 4123 1453 4157 m.
1479 4108 1593 4159 dee.
1627 4125 1674 4158 a.
1703 4107 1794 4158 283
1826 4113 1877 4158 et
1902 4110 1953 4157 d.
1983 4108 2091 4157 Xll
2119 4123 2191 4157 m.
2221 4111 2331 4170 jan.
2355 4091 2473 4167 ‘2843
2497 4120 2628 4157 non-

499 4194 673 4243 nullos
711 4197 835 4243 ante
879 4207 1114 4251 menses,
1159 4199 1371 4259 augusti
1419 4195 1643 4247 Carinus
1679 4202 1730 4248 et
1779 4197 2137 4249 Numerianus
2177 4198 2303 4249 faeti
2336 4201 2501 4247 erant.
2548 4194 2629 4247 Cf.

500 4280 706 4341 Cohen,
740 4282 805 4343 V,
839 4300 893 4349 p.
927 4284 1018 4335 333
1046 4289 1099 4335 et
1133 4286 1431 4349 praesertim
1465 4286 1543 4337 De
1584 4289 1635 4338 la
1677 4288 1884 4350 Bastie‚
1926 4289 2167 4340 Academie
2202 4289 2277 4338 des
2305 4288 2626 4351 inscriptions,

498 4374 753 4435 memoires,
785 4378 822 4424 t.
856 4372 991 4426 XIII
1019 4375 1147 4439 (ant.
1178 4377 1380 4440 series),
1415 4391 1470 4439 p.
1495 4376 1609 4430 460.
