3488 5421
1368 651 1687 712 ...17-

467 793 644 865 ticos
680 795 1113 884 protectores
1152 805 1378 860 unum
1418 794 1488 861 et
1527 786 1858 879 eumdem
1898 785 2125 860 fuisse
2178 802 2587 859 numerum.

470 919 644 1004 Quae
681 917 797 990 lex
833 934 901 987 a.
945 917 1085 986 416
1128 913 1677 986 clarissimatum
1718 911 2128 985 domesticis
2166 911 2458 994 tribuit,
2518 911 2596 982 in

469 1041 610 1113 alia
648 1040 970 1132 ejusdem
1011 1038 1184 1111 anni
1222 1039 1375 1131 lege
1420 1045 1500 1111 ut
1545 1037 1638 1111 ad
1688 1043 2123 1130 protectores
2165 1035 2596 1111 domesticos

468 1167 839 1257 pertinens
879 1168 1342 1236 memoratur.

569 1292 684 1363 IV.
726 1289 901 1363 Inde
938 1288 1320 1372 concludo,
1354 1289 1668 1382 priorem
1707 1306 2089 1363 numerum
2113 1293 2599 1383 protectorum

470 1413 1008 1486 domesticorum
1037 1414 1285 1497 fuisse,
1322 1416 1790 1506 posteriorem
1808 1419 2324 1507 protectorum.
2362 1416 2597 1501 Quum

473 1538 562 1612 de
591 1536 1003 1619 domesticis
1036 1544 1105 1611 et
1123 1538 1646 1630 protectoribus
1680 1557 1916 1612 sermo
1946 1544 2078 1622 est,
2107 1544 2461 1631 protector
2487 1556 2600 1609 vo-

473 1663 805 1736 cabulum
845 1650 1087 1735 minus
1126 1663 1267 1735 late
1305 1662 1738 1737 extenditur.
1785 1663 1874 1736 At
1913 1681 2136 1755 quum
2176 1662 2600 1735 Ammianus

471 1788 844 1860 Iovianum
889 1792 1358 1879 protectorem
1415 1784 1509 1882 (1)
1571 1795 1811 1872 vocat,
1881 1788 2177 1861 verbum
2237 1787 2455 1859 latius
2523 1804 2600 1859 se

474 1912 794 1985 extendit
819 1936 836 1998 ,t
860 1912 1198 1985 Iovianus
1230 1913 1424 1985 enim
1455 1911 1635 1985 alias
1665 1913 2070 2005 appellatur
2101 1919 2224 1986 aut
2244 1916 2604 2006 protector

472 2036 879 2108 domesticus
925 2033 1019 2131 (2)
1064 2043 1188 2123 aut
1226 2036 1645 2129 simpliciter
1679 2036 2092 2109 domesticus
2138 2033 2267 2132 (5).

570 2163 653 2234 V.
710 2161 1069 2234 Vocabulo
1127 2160 1342 2253 igitur
1393 2188 1425 2226 ‹
1471 2168 1915 2257 protectores
1953 2189 1997 2227 ψ
2070 2179 2293 2254 quum
2350 2180 2600 2236 omnes

474 2288 982 2378 imperatorum
1023 2285 1353 2358 custodes
1373 2341 1391 2370 ,
1434 2291 1588 2359 tum
1624 2287 2124 2361 tantummodo
2155 2288 2233 2359 in
2265 2286 2603 2360 inferiore

478 2412 720 2484 schola
752 2415 1024 2483 stantes
1065 2404 1584 2502 significantur.
1630 2411 1979 2485 Custodes
2011 2412 2228 2503 igitur
2260 2417 2598 2504 augusto-

476 2553 635 2607 rum
657 2539 1085 2628 protectores
1113 2535 1607 2620 nominantur,
1643 2554 1868 2629 quum
1904 2514 2094 2609 i'nter
2123 2554 2245 2611 eos
2271 2558 2605 2607 numerus

469 2666 952 2754 protectorum
993 2658 1527 2732 domesticorum
1567 2680 1610 2734 a
1643 2683 1945 2733 numero
1973 2667 2457 2757 protectorum
2495 2681 2604 2739 se-

479 2785 877 2862 cernendus
916 2787 1036 2861 sit.

577 3097 821 3193 Neque
859 3098 1152 3176 nomine
1189 3098 1401 3175 modo
1440 3105 1510 3175 et
1547 3096 1772 3195 gradu
1809 3099 1997 3176 inter
2030 3120 2107 3177 se
2145 3095 2599 3176 differebant.

483 3226 831 3317 Opinatus
861 3233 969 3301 est
989 3229 1341 3301 Panciroli
1371 3228 1802 3301 domesticos
1834 3230 2138 3320 equites,
2173 3234 2608 3321 protectores

476 3349 752 3441 pedites
768 3352 992 3425 fuisse
1039 3350 1168 3448 (4),
1197 3354 1667 3446 necintelligo
1709 3372 1834 3427 cur
1872 3372 2084 3428 nemo
2125 3355 2281 3447 eius
2320 3360 2606 3428 senten-

483 3475 602 3547 tiae
630 3493 971 3549 assensus
1003 3477 1122 3549 sit.
1159 3478 1598 3551 Domesticos
1634 3479 1827 3551 enim
1867 3478 2123 3553 definit
2176 3480 2437 3555 Suidas
2466 3477 2609 3553 Ro-

484 3619 867 3670 manorum
893 3599 1176 3693 equiteS,
1210 3601 1413 3695 apud
1434 3600 1792 3676 Romanos
1819 3606 2157 3687 οἰκειακοὺς
2186 3605 2440 3677 milites
2475 3603 2572 3702 (5)
2590 3662 2606 3680 .

487 3725 972 3810 Quorumdam
1008 3726 1366 3801 sententia
1394 3735 1572 3814 erat,
1609 3729 1784 3805 dicit
1810 3731 2148 3817 Zonaras,
2183 3730 2613 3810 domesticos

546 3977 619 4044 (1)
653 3977 733 4044 25,
762 3979 811 4041 5,
840 3979 893 4032 6.
2476 3983 2493 4052 Ι

550 4066 620 4131 (2)
651 4066 732 4131 21,
765 4067 840 4133 16,
868 4067 951 4124 20.

547 4155 618 4220 (3)
647 4155 729 4219 25,
756 4158 807 4220 5,
836 4156 885 4209 4.

548 4244 620 4310 (4)
651 4244 712 4296 P.
747 4245 856 4311 136,
882 4260 935 4299 c.
963 4248 1012 4309 2,
1044 4249 1126 4301 ed.
1162 4248 1302 4304 1623.

543 4333 614 4397 (5)
643 4332 715 4385 V⁰
741 4338 1037 4400 Δομὲστικοι
1070 4353 1081 4369 ·
1123 4342 1185 4390 ot
1212 4346 1312 4392 τῶν
1342 4328 1582 4405 ῥωμαίων
1613 4345 1777 4402 ἱππεῖς
1791 4379 1806 4405 ,
1855 4345 1902 4396 οἱ
1931 4344 2061 4397 κατὰ
2087 4332 2341 4409 Pom-“ioue
2374 4345 2619 4399 otmunt

422 4436 430 4443 ·
489 4429 811 4487 στρατιῶται.

808 4535 835 4578 J
2263 4527 2302 4585 2
