3488 5421
1865 643 2146 703 ...fl-.-

934 790 1180 855 eontra
1243 800 1587 875 perquam
1655 785 1850 871 patet
1913 798 2151 869 neque
2214 784 2293 850 ut
2358 775 2690 848 custodes
2745 774 3061 866 eorporis

932 926 1294 979 servorum
1336 924 1570 996 neque
1608 904 2145 997 peregrinorum
2190 902 2625 983 conditione,
2671 900 2799 972 sed
2835 898 3060 994 latino

926 1033 1087 1122 jure
1138 1050 1308 1102 usos
1367 1048 1572 1114 esse;
1634 1029 1777 1100 imo
1818 1028 2141 1100 nondum
2189 1032 2473 1116 accepta
2528 1026 2831 1097 honesta
2880 1026 3056 1095 mis-

933 1156 1136 1228 sione
1162 1212 1179 1239 ,
1225 1169 1368 1246 qua
1419 1156 1509 1227 iis
1551 1154 1796 1227 civitas
1836 1152 2230 1232 confertur,
2276 1150 2705 1240 gentilitium
2754 1154 2824 1221 et
2874 1167 3061 1239 prae-

932 1299 1196 1352 nomen
1244 1280 1693 1373 imperatoris
1734 1284 2120 1370 usurpant,
2168 1296 2310 1367 quo
2352 1281 2691 1366 regnante
2748 1281 2872 1346 aut
2926 1273 3061 1345 alis

935 1404 1406 1495 singularium
1467 1410 1590 1475 aut
1640 1402 1776 1474 alis
1836 1401 2292 1473 auxiliarium
2347 1400 2668 1489 equitum
2734 1397 3062 1487 inseripti

933 1527 1222 1601 fuerunt
1268 1525 1398 1622 (1).

1031 1652 1442 1724 Praefeetine
1480 1652 1812 1743 praetorio
1853 1651 1987 1722 sub
2026 1649 2499 1740 dispositione
2536 1647 2826 1719 fuerunt
2864 1645 3063 1735 equi-

933 1781 1040 1847 tes
1109 1775 1553 1866 singulares‘?
1618 1778 1699 1846 In
1766 1775 1973 1846 titulo
2011 1829 2028 1858 ,
2105 1773 2471 1846 severiana
2533 1778 2740 1843 aetate
2795 1772 3057 1854 inciso,

931 1898 1241 1990 praefecti
1311 1900 1644 1991 praetorio
1719 1899 2033 1970 tribunis
2091 1896 2560 1988 singularium
2630 1912 3061 1987 praeponun-

933 2028 1049 2094 tur
1096 2019 1191 2117 (2)
1245 2047 1263 2093 2
1304 2023 1483 2095 inde.
1512 2030 1696 2096 reete
1748 2023 2038 2113 quidem
2084 2020 2464 2093 concludas
2507 2021 2584 2090 in
2624 2020 2901 2091 minore
2938 2017 3061 2090 tri-

933 2145 1171 2216 bunos
1210 2146 1483 2217 honore
1521 2147 1743 2219 fuisse
1794 2164 2010 2236 quam
2062 2145 2473 2237 praefectos3
2517 2144 2681 2214 illos
2723 2161 2887 2215 vero
2926 2142 3061 2213 sub

932 2288 1178 2343 eorum
1217 2271 1517 2361 imperio
1558 2271 1879 2353 stetisse,
1926 2288 2084 2368 non·
2108 2275 2295 2340 reete
2341 2265 2469 2360 (5).
2516 2267 2720 2352 Quod
2761 2267 2822 2338 si
2863 2267 3062 2357 equi-

933 2400 1040 2466 tes
1097 2393 1496 2485 singulares
1547 2397 1835 2467 titulum
1890 2396 2191 2466 alterum
2254 2395 2509 2464 Severo
2556 2392 3064 2481 Antoninoque

932 2519 1294 2609 augustis,
1367 2519 1739 2591 Plautiano
1797 2519 2126 2611 praefecto
2191 2519 2489 2608 suisque
2560 2516 3065 2588 dedicaverunt

933 2641 1243 2715 tribunis
1282 2640 1411 2737 (4),
1446 2643 1621 2734 quid
1661 2631 1952 2728 mirum,
1995 2661 2216 2734 quum
2260 2642 2678 2715 Plautianus
2716 2641 2793 2713 in
2834 2640 3062 2713 titulis

932 2768 1078 2840 fere
1120 2786 1401 2858 semper
1444 2769 1895 2860 principibus
1944 2766 2470 2859 aequiparetur?
2513 2768 2849 2839 Tribunis
2888 2767 3063 2839 duo-

932 2891 1070 2962 bus
1098 2946 1115 2973 ,
1173 2891 1344 2963 inde
1407 2910 1449 2963 a
1517 2893 1843 2984 Septimii
1901 2912 2154 2983 regno,
2221 2872 2567 2965 obediunt
2619 2892 3056 2982 singulares,

935 3033 1157 3104 quum
1193 3022 1403 3087 antea
1431 3034 1577 3087 una
1606 3022 1885 3087 tantum
1920 3017 2057 3098 ala,
2092 3035 2284 3087 unus
2313 3016 2648 3088 tribunus
2679 3016 2891 3088 fuerit
2929 3013 3055 3109 (5).

1031 3138 1184 3223 Quo
1223 3144 1541 3230 tempore
1580 3140 1980 3230 singulares
2011 3138 2275 3211 sublati
2310 3138 2608 3223 fuerint,
2651 3145 2939 3231 propter
2976 3139 3063 3210 ti-

931 3261 1244 3331 tulorum
1294 3261 1611 3352 inopiam
1662 3270 1731 3334 et
1780 3263 2206 3353 scriptorum
2262 3239 2625 3334 silentium
2660 3319 2676 3347 ,
2709 3274 2877 3335 'non
2924 3263 3062 3335 diei

932 3390 1189 3474 potest.
1231 3384 1355 3457 Vir
1393 3386 1835 3458 clarissimus
1892 3394 1961 3459 et
2000 3386 2461 3462 doctissimus
2504 3388 2792 3460 Henzen
2830 3407 3061 3479 usque

932 3509 1008 3578 in
1059 3508 1512 3580 Constantini
1566 3529 1863 3601 regnum
1915 3511 2195 3591 numeri
2245 3510 2465 3583 finem
2508 3512 2859 3601 protrahit
2913 3504 3005 3605 (6)
3039 3566 3055 3595 ‚

990 3761 1062 3825 (1)
1089 3761 1334 3825 Diploma
1361 3778 1409 3812 a.
1441 3762 1560 3824 230,
1593 3763 1815 3825 Renier,
1854 3766 2075 3828 Diplcimes
2102 3765 2372 3826 militaires,
2399 3765 2458 3826 8,
2492 3765 2541 3828 Ι,
2573 3781 2624 3829 p.
2652 3764 2729 3816 27.
2762 3763 2841 3815 Cf.
2878 3764 3063 3815 titulos

928 3851 1126 3913 passim
1155 3852 1211 3900 in
1239 3850 1287 3900 G.
1320 3852 1355 3901 i.
1389 3852 1441 3911 1..
1472 3849 1571 3910 VI,
1605 3867 1658 3915 p.
1691 3852 1804 3904 3191
1839 3857 1894 3902 et
1926 3868 1968 3902 S.

989 3939 1059 4004 (2)
1090 3939 1370 4001 Muratori,
1412 3941 1530 4003 351,
1569 3941 1585 3990 1
1625 3963 1635 3991 2
1666 3944 1839 3993 Marcio
1868 3944 1992 3993 Laeto
2034 3949 2078 3993 et
2103 3944 2286 3994 AEmilio
2315 3946 2601 4007 Papiniano,
2638 3959 2717 4008 pp.
2743 3958 2842 4007 pp„
2876 3944 3063 3995 Octavio

925 4029 1085 4079 Pisone
1110 4033 1154 4079 et
1185 4030 1368 4080 Valerio
1389 4030 1658 4092 Herculum,
1691 4032 1830 4082 tribe).
1862 4034 1997 4093 equit.
2031 4034 2149 4094 sin9.

993 4116 1062 4181 (3)
1088 4115 1190 4175 Cf..
1222 4123 1421 4178 contra,
1454 4119 1700 4181 Henzen,
1732 4136 1785 4184 p.
1820 4120 1897 4171 35.

995 4208 1062 4270 (4)
1093 4206 1279 4269 Orelli,
1309 4207 1450 4259 3413.

991 4294 1060 4358 (5)
1086 4294 1330 4359 Diploma
1352 4312 1401 4347 a.
1431 4295 1552 4357 23ος
1579 4299 1650 4348 cf.
1683 4296 1921 4359 Henzen,
1947 4312 1999 4361 p.
2030 4291 2108 4347 35.

992 4383 1058 4447 (6)
1090 4382 1150 4433 P.
1183 4384 1261 4435 52.
