3488 5421
1707 580 2026 640 ...56-

808 739 1052 795 eorum
1093 692 1503 791 cumulabat
1549 716 1688 811 (1);
1725 717 1934 808 plura
1972 717 2163 788 enim
2205 717 2572 807 privilegia
2610 718 2674 787 ei
2719 735 2932 806 quam

807 846 1003 918 nudo
1045 844 1358 916 veterani
1394 843 1766 934 diplomati
1806 841 2295 914 adhaerebant.

908 970 997 1040 At
1035 970 1182 1059 jam
1224 969 1301 1038 in
1357 973 1615 1039 coetum
1664 973 2142 1058 protectorum
2198 966 2507 1038 immixti
2560 973 2760 1037 erant
2811 967 2933 1055 qui

809 1113 1045 1185 neque
1076 1100 1305 1166 castra
1337 1093 1661 1166 viderant
1699 1110 1935 1182 neque
1967 1111 2165 1162 arma
2204 1093 2604 1182 attigerant.
2642 1093 2934 1163 Romam

809 1222 1218 1311 ingreSSUS‚
1263 1219 1617 1293 Maxentio
1665 1220 1846 1290 victo
1874 1274 1891 1300 ,
1945 1238 2011 1288 a.
2059 1221 2232 1299 515,
2269 1218 2473 1308 jubet
2524 1219 2929 1290 Constanti-

809 1365 948 1418 nus
988 1345 1396 1434 praefeotum
1437 1344 1767 1435 praetorio
1800 1362 2050 1415 omnes
2078 1363 2172 1414 ea>
2198 1341 2708 1435 protectoribus
2745 1342 2938 1415 testi-

810 1470 1158 1542 moniales
1200 1470 1537 1551 revisere,
1582 1475 1660 1540 ut
1701 1470 1825 1558 qui
1875 1495 1905 1531 α
1944 1468 2230 1541 titulum
2264 1469 2594 1539 militaris
2626 1465 2861 1538 laudis
2893 1493 2922 1530 »

810 1593 1058 1665 fraude
1124 1593 1573 1683 impetrarint
1628 1598 2107 1683 agnoscantur
2165 1617 2180 1661 :
2241 1591 2386 1662 illis
2452 1590 2743 1681 quidem
2808 1588 2936 1683 (ita

811 1719 1078 1790 malum
1120 1713 1509 1807 fovebatur)
1557 1718 1846 1798 titulus,
1893 1715 2022 1788 etsi
2064 1735 2209 1787 non
2250 1717 2650 1808 privilegia,
2696 1736 2933 1791 serva-

809 1844 1020 1916 batur
1057 1840 1150 1937 (2)
1170 1898 1186 1913 .
1219 1842 1655 1914 Severiorem
1688 1861 1764 1912 se
1795 1860 1860 1911 a.
1903 1843 2040 1912 526
2079 1843 2435 1932 praestitit,
2472 1862 2694 1932 quum
2726 1845 2934 1916 etiam

811 1969 1061 2040 titulus
1102 1974 1387 2057 ereptus
1428 1966 1545 2036 sit.
1591 1966 1791 2037 Multi
1821 1966 2026 2037 'enim
2069 1985 2107 2038 e
2146 1966 2428 2038 scriniis
2486 1968 2731 2058 palatii
2777 1967 2933 2039 offi-

814 2092 1057 2174 cialeS‚
1077 2090 1287 2162 officii
1321 2109 1620 2161 munera
1649 2091 2032 2182 effugiendi
2056 2092 2303 2182 gratia,
2327 2112 2419 2161 eoo
2440 2091 2940 2183 protectoribus

811 2215 1227 2308 dignitatem
1267 2222 1390 2286 aut
1428 2221 1749 2287 emerant
1806 2222 1927 2286 aut
1973 2222 2314 2305 tanquam
2356 2217 2418 2287 si
2455 2217 2803 2290 haberent
2841 2218 2939 2288 vi-

810 2341 1070 2413 vebant
1114 2365 1130 2411 :
1176 2359 1356 2430 quos
1396 2339 1486 2411 ad
1526 2339 1903 2430 pristinam
1954 2339 2437 2411 conditionem
2491 2342 2758 2433 redegit
2804 2339 2932 2436 (5).
3045 2381 3053 2391 -

910 2464 999 2536 At
1065 2465 1346 2537 deserta
1413 2483 1660 2536 rursus
1724 2463 2001 2545 officia,
2073 2465 2316 2536 relicta
2379 2466 2691 2548 sorinia;
2763 2466 2939 2538 adeo

811 2608 1060 2662 omnes
1114 2591 1190 2661 in
1245 2590 1510 2680 palatio
1565 2589 1902 2679 degentes
1955 2589 2081 2659 illa
2136 2591 2509 2662 custodum
2551 2590 2935 2682 dignitate,

813 2715 995 2787 nulli
1048 2716 1328 2786 muneri
1385 2715 1860 2785 obnoxiorum
1900 2721 1969 2786 et
2016 2722 2268 2786 cuncta
2313 2716 2387 2786 in
2448 2734 2524 2787 se
2576 2717 2942 2807 privilegia

812 2839 1246 2911 trahentium
1272 2894 1289 2921 ,
1334 2837 1872 2911 alliciebantur!
1921 2840 2385 2911 Constantius
2425 2859 2679 2911 novam
2715 2843 2937 2933 legem

813 2983 880 3034 a.
934 2965 1070 3032 549
1112 2963 1275 3033 tulit
1320 2958 1413 3055 (4)
1467 2987 1483 3032 ε
1529 2981 1691 3052 quae
1729 2969 1799 3068 et
1836 2963 1994 3055 ipsa
2032 2965 2107 3034 in
2147 2983 2408 3034 vanum
2458 2964 2694 3036 cessit.
2749 2967 2944 3036 Tune

814 3088 1004 3159 enim
1057 3085 1437 3169 officiales,
1493 3086 1584 3157 ob
1642 3086 2040 3157 adhibitam
2093 3088 2167 3157 in
2227 3087 2675 3160 conferendis
2741 3087 2937 3160 aodi-

813 3213 994 3283 oillis
1034 3211 1479 3302 diligentiam
1503 3267 1520 3294 ‚
1571 3231 1690 3284 eos
1733 3210 2115 3303 efflagitare
2156 3231 2301 3283 non
2345 3215 2493 3304 jam
2532 3214 2936 3295 audebant;

812 3336 978 3419 sed,
1057 3336 1172 3406 die
1247 3335 1624 3427 ouJ‘usdam
1702 3337 2203 3419 solennitatis,
2287 3338 2515 3409 turbae
2588 3344 2937 3430 protecto-

813 3478 971 3530 rum
1044 3459 1486 3541 intermixti,
1542 3478 1933 3550 purpuram
2004 3461 2288 3551 augusti
2364 3462 2868 3552 contingebant
2920 3487 2936 3532 ε

880 3712 944 3777 (i)
983 3712 1032 3764 G.
1065 3715 1150 3772 th„
1184 3713 1240 3772 7,
1276 3712 1371 3774 20,
1404 3714 1451 3763 5.
1495 3710 1706 3763 Certum
1747 3718 1826 3763 est
1868 3718 2145 3765 veteranos
2186 3729 2291 3763 non
2331 3715 2726 3777 protectoriam,
2758 3716 2848 3765 sed
2876 3730 2944 3764 ex

811 3803 1195 3866 protectoribus
1222 3803 1534 3867 dignitatem
1558 3805 1826 3868 accipere,
1858 3805 1929 3854 cf.
1962 3806 2011 3855 G.
2044 3807 2125 3866 th..
2163 3806 2206 3862 7,
2237 3805 2315 3867 20,
2348 3806 2395 3856 8.

877 3893 945 3956 (2)
974 3894 1023 3943 G.
1057 3894 1146 3953 th„
1176 3891 1223 3953 7,
1250 3892 1329 3953 21,
1368 3894 1386 3942 1
1423 3910 1434 3943 ε
1472 3894 1689 3956 Ideoque,
1717 3896 1859 3956 siqui
1885 3909 1949 3945 eae
1972 3896 2412 3959 protectoribus
2546 3898 2759 3959 epistulas
2784 3910 2944 3960 repor-

815 3985 1037 4042 taverint,
1070 3997 1159 4032 non
1185 3982 1379 4033 habeant
1404 3985 1712 4047 privileqium.

876 4072 942 4137 (3)
975 4072 1024 4122 G.
1059 4074 1143 4134 th„
1171 4072 1226 4140 8,,
1259 4073 1320 4129 7,
1352 4072 1407 4134 2,
1440 4075 1522 4123 ed.
1556 4074 1772 4135 Haenel‚
1809 4091 1861 4139 p.
1895 4075 1989 4125 744
2024 4076 2114 4137 (cf.
2144 4080 2255 4125 not.
2287 4090 2327 4125 m
2356 4079 2407 4125 et
2437 4078 2476 4138 o)
2514 4096 2525 4124 ε
2561 4075 2810 4138 Officiales,
2838 4090 2945 4138 quos

812 4176 866 4212 ex
894 4163 1085 4213 diversis
1122 4164 1289 4225 officiis
1323 4177 1385 4213 ex
1413 4164 1863 4226 protectoribus
1896 4166 2111 4232 epistulas
2139 4166 2398 4228 impetrasse
2422 4167 2703 4226 constiterit,
2730 4166 2943 4232 pristinos

810 4253 941 4303 reddi
965 4254 1169 4313 jubemus
1191 4254 1396 4305 militiae.
2455 4251 2461 4256 ’

876 4341 942 4406 (4)
980 4341 1028 4393 G.
1061 4344 1145 4404 tiu,
1178 4342 1228 4402 8,
1258 4341 1307 4404 7,
1338 4342 1389 4393 3.
