3488 5421
1365 580 1685 640 -55-

457 722 757 788 tectores
796 733 1085 806 quoque
1113 734 1190 788 se
1225 734 1385 788 esse
1422 715 1851 807 profitentur
1887 742 1902 786 ε
1939 713 2361 789 crediderim
2392 718 2584 802 illos,

456 839 872 930 praefectura
910 845 1196 928 accepta
1241 839 1348 910 vel
1388 839 1758 911 tribunatu
1781 894 1799 922 ‚
1844 838 2132 912 titulum
2170 841 2589 930 protectoris

457 963 839 1035 retinuisse
863 1017 881 1046 ‚
937 981 1079 1053 quo
1122 963 1420 1055 propius
1460 964 1872 1065 imperatori
1911 963 2195 1036 adstare
2232 962 2588 1055 significa·

459 1095 729 1162 rentur.

557 1215 785 1286 Tertio
826 1215 1042 1306 igitur
1095 1216 1354 1287 saeculo
1402 1216 1898 1288 tantummodo
1940 1217 2111 1287 viris
2153 1218 2278 1307 qui
2315 1217 2589 1308 priores

459 1338 732 1410 militiae
768 1339 1030 1430 gradus
1080 1340 1584 1423 decurrerant,
1643 1346 1722 1410 ut
1769 1339 1862 1411 ad
1906 1342 2339 1431 posteriores
2379 1341 2587 1414 citius

457 1462 966 1548 ascenderent,
1019 1464 1384 1536 honorarii
1425 1464 1843 1553 protectoris
1883 1465 2429 1538 conferebantur
2465 1482 2583 1536 co·

456 1585 701 1658 dicilli.
2480 1603 2485 1608 ·

552 1950 672 2033 At,
717 1950 1183 2041 gliscentibus
1221 1952 1480 2032 annis,
1526 1969 1673 2023 non
1704 1953 1855 2040 jam
1903 1956 2190 2043 propter
2239 1950 2583 2022 honorem

453 2074 998 2167 cupiditatemve
1018 2074 1094 2145 in
1119 2093 1333 2146 cursu
1354 2075 1645 2148 militari
1669 2075 2129 2166 procedendi,
2152 2074 2279 2146 sed
2301 2080 2590 2165 propter

453 2197 858 2290 privilegia,
903 2205 982 2270 ut
1037 2199 1357 2289 asperior
1408 2199 1666 2271 militia
1719 2202 2059 2271 vitaretur
2082 2253 2099 2281 ‚
2143 2199 2588 2290 protectoriae

454 2321 823 2413 dignitatis
850 2323 1102 2395 titulus
1129 2322 1616 2394 affectabatur.
1636 2323 1996 2410 Quamdiu
2023 2341 2105 2394 ac
2122 2341 2248 2413 per
2281 2329 2456 2413 quot
2486 2323 2583 2395 le·

453 2464 572 2536 ges
611 2445 847 2518 conati
886 2453 1055 2519 sunt
1092 2446 1556 2537 imperatores
1591 2446 2127 2519 multitudinem
2168 2444 2585 2518 officialium

456 2568 846 2642 militumve
865 2588 907 2640 a
929 2570 1194 2647 scholis
1218 2569 1594 2642 custodum
1617 2569 2000 2660 prohibere
2020 2570 2095 2640 in
2125 2588 2304 2660 quas
2328 2572 2585 2641 irrum-

453 2691 757 2783 pebant!
792 2694 1072 2765 Scimus
1103 2699 1417 2785 quantus
1446 2692 1798 2786 privilegii
1823 2692 2036 2766 ardor
2064 2691 2585 2785 posterioribus

453 2818 733 2908 imperii
772 2820 1050 2889 romani
1090 2817 1372 2922 saeculis
1423 2818 1859 2909 flagraverit,
1907 2838 2131 2909 quum
2172 2818 2396 2901 nulli,
2440 2817 2584 2890 nisi

452 2942 838 3033 privilegiis
890 2961 1061 3025 uso,
1112 2961 1359 3014 secura
1398 2943 1540 3014 vita
1594 2961 1752 3014 esse
1810 2950 2079 3033 posset.
2125 2944 2214 3013 Ut
2265 2943 2579 3024 vivereS‚

451 3064 1001 3154 confugiendum
1042 3064 1174 3136 tibi
1213 3067 1288 3136 in
1327 3064 1697 3155 privilegia
1734 3070 1910 3136 erat.
1936 3064 2011 3135 Si
2044 3064 2208 3153 quis
2237 3069 2582 3153 protecto-

452 3188 550 3258 ris
580 3196 704 3259 aut
733 3205 818 3259 ex
847 3188 1367 3278 protectoribus
1407 3187 1964 3259 testimonialem
1996 3186 2407 3266 obtinebat,
2451 3186 2587 3255 hoc

450 3314 606 3404 ipso
630 3312 936 3384 evitabat
957 3312 1276 3404 collegia,
1297 3318 1677 3394 tormenta,
1705 3310 2235 3401 capitationem,
2264 3308 2531 3379 curiam
2562 3333 2578 3378 :

450 3437 754 3508 curiales
794 3438 1233 3528 praesertim,
1291 3456 1422 3509 sua
1468 3443 1548 3509 ut
1594 3455 1895 3509 munera
1942 3436 2382 3517 abnuerent,
2429 3452 2587 3506 sese

452 3562 640 3650 inter
676 3568 1107 3653 protectores
1162 3561 1658 3633 insinuabant.
1712 3561 1878 3635 Mali
1927 3561 2070 3652 ipsi
2121 3561 2586 3650 imperatores

453 3695 795 3779 tanquam
839 3687 1123 3777 signum
1172 3685 1548 3759 dederunt.
1603 3688 1871 3777 Nempe
1926 3683 2171 3758 eadem
2214 3682 2588 3756 commoda

452 3812 659 3884 titulo
699 3811 1116 3903 protectoris
1167 3818 1289 3884 aut
1337 3830 1424 3884 ex
1469 3810 1992 3904 protectoribus
2046 3809 2453 3891 honorarii,
2507 3828 2589 3881 ac

453 3934 870 4027 protectoris
893 3988 912 4016 ,
980 3933 1394 4007 tribuebant
1428 3958 1445 4017 ;
1520 3934 1645 4005 illo
1705 3932 2105 4006 induebant
2174 3940 2579 4014 veteranos,

452 4059 668 4131 etiam
708 4060 833 4150 qui
881 4059 1084 4131 nulla
1133 4060 1211 4130 in
1263 4059 1528 4151 palatio
1578 4058 1940 4150 stipendia
1976 4059 2310 4131 fecerant.
2356 4058 2581 4128 Cons-

370 4172 377 4176 ’
416 4183 817 4296 stantium,
861 4203 1053 4257 anno
1102 4186 1281 4267 528,
1325 4186 1675 4257 concessit
1726 4184 2081 4257 veteranis
2128 4180 2583 4298 honorariam

466 4328 558 4378 eoe
591 4307 1107 4405 protectoribus
1165 4308 1579 4400 dignitatem
1637 4335 1653 4380 ε
1708 4328 1904 4399 quae,
1957 4314 2037 4379 ut
2088 4309 2223 4390 ait,
2273 4309 2583 4381 honores
