3488 5421
1784 621 2104 684 -78—

879 768 1002 833 aut
1032 760 1249 833 clavis
1279 759 1517 832 aureis
1550 765 1803 831 ornata
1831 756 1969 853 (l),
1998 761 2280 833 armati.
2321 760 2411 833 At
2437 759 2684 854 clypeo
2710 779 3008 852 praeser-

876 887 1007 957 tim
1068 883 1646 976 insigniebantur
1703 883 2084 967 custodes;
2143 884 2266 957 ille
2316 903 2581 957 munus
2635 903 2777 976 quo
2838 886 3004 957 fun-

878 1008 1226 1101 gebantur
1264 1006 1717 1100 significabat
1764 1003 1859 1101 (2)
1912 1032 1929 1078 ε
1972 1007 2097 1080 illo
2139 1009 2393 1081 armati
2425 1016 2806 1101 augustum
2836 1028 3003 1100 pro-

876 1132 1233 1226 tegebant.
1300 1131 1449 1204 Etsi
1507 1132 1834 1223 clypeum
1893 1139 2375 1223 protectorum
2433 1151 2729 1206 aureum
2782 1134 3006 1207 fuisse

877 1255 1314 1329 contendant
1356 1255 1703 1347 synesius
1755 1261 1825 1327 et
1869 1256 2222 1348 Corippus
2252 1312 2271 1341 ,
2340 1257 2534 1330 hunc
2580 1257 3001 1331 crediderim

875 1381 1116 1473 potius
1153 1377 1471 1474 (nonnisi
1506 1379 2059 1471 imperatoribus
2090 1381 2357 1473 clypeis
2382 1382 2619 1455 aureis
2649 1383 3005 1455 auratisve

876 1504 982 1576 uti
1055 1499 1412 1596 licebat),
1482 1521 1744 1576 aereum
1815 1503 1925 1575 vel
1997 1511 2408 1596 argenteum
2464 1505 2722 1596 partim
2786 1506 3005 1577 clavis

875 1631 1148 1712 aureis,
1173 1629 1433 1720 partim
1468 1629 1768 1720 gemmis
1799 1627 2200 1715 confixum,
2229 1636 2659 1721 gemmatum
2696 1637 2767 1703 et
2797 1629 3002 1702 inau-

875 1762 1136 1827 ratum.
1170 1754 1252 1824 ln
1290 1758 1767 1844 protectorum
1798 1751 2179 1827 Theodosii
2209 1753 2475 1846 clypeis
2513 1750 2608 1847 (5)
2654 1754 3005 1846 imagines

873 1879 1346 1952 multiformes
1367 1877 1654 1948 metallo
1678 1877 1927 1950 incisae
1955 1877 2181 1953 fuisse
2206 1877 2571 1960 videntum
2604 1879 3000 1951 notandum

873 2011 1007 2089 est,
1050 2005 1125 2075 in
1165 2001 1430 2094 clypeis
1469 2000 1844 2073 custodum
1879 2001 2268 2073 Iustiniani
2314 1998 2408 2095 (4)
2448 2001 2879 2087 chrismam,
2925 2002 3001 2073 in

874 2131 1118 2225 clypeo
1158 2127 1473 2200 custodis
1512 2127 1755 2199 nescio
1803 2128 2005 2218 cujus
2058 2128 2341 2219 augusti
2386 2124 2481 2222 (5)
2537 2146 2812 2200 crucem
2853 2128 2997 2220 sig-

872 2259 1113 2325 natam
1154 2251 1404 2324 fuisse.
1449 2252 1622 2336 Quae
1651 2257 2074 2323 ornamenta
2107 2251 2312 2325 valde
2343 2251 2542 2323 illam
2572 2258 2849 2324 aetatem
2881 2251 3015 2351 def

873 2354 1152 2458 cebant,
1181 2392 1323 2465 qua
1348 2373 1573 2465 magis
1598 2380 1814 2464 atque
1840 2374 2065 2465 magis
2096 2391 2172 2445 se
2197 2356 2565 2465 religionis
2590 2375 3001 2448 defensores

871 2507 942 2573 et
979 2499 1242 2572 Christi
1281 2500 1356 2571 in
1397 2506 1584 2572 terra
1620 2499 1922 2572 vicarios
1963 2499 2487 2590 profitebantur
2536 2502 2817 2592 augusti
2866 2497 2996 2595 (6).

969 2600 1268 2697 Barbam
1310 2624 1548 2697 ferunt
1585 2630 2020 2716 protectores
2058 2624 2333 2696 nullam
2380 2649 2396 2696 ε
2441 2625 2817 2717 promissi,
2859 2627 3003 2718 ple-

871 2770 1174 2842 rumque
1235 2751 1311 2822 in
1371 2749 1632 2842 gradus
1688 2756 1905 2841 atque
1964 2751 2275 2822 annulos
2314 2751 2522 2834 nexi,
2576 2751 2807 2824 crines
2863 2748 2992 2845 (7).

868 2874 1203 2961 Quamvis
1230 2873 1516 2947 illorum
1548 2873 1803 2945 flavam
1846 2892 2119 2945 comam
2156 2875 2501 2965 Synesius
2531 2873 2830 2947 miretur
2866 2872 2991 2969 (8),

931 3128 997 3193 (l)
1028 3124 1166 3178 Vide
1188 3130 1501 3179 ravennates
1527 3121 1697 3178 sancti
1728 3124 1924 3177 Vitalis
1956 3128 2236 3179 mosaicas.

931 3218 999 3279 (2)
1024 3216 1107 3267 Cf.
1134 3216 1449 3282 Synesium‚
1482 3213 1955 3280 chrysostomum,
1980 3213 2267 3280 corippum
2284 3252 2297 3277 ,
2326 3230 2381 3280 p.
2405 3216 2494 3278 ⁷5,
2525 3231 2579 3269 n.
2604 3217 2653 3267 2.
2681 3216 2755 3269 Ut
2783 3219 2958 3269 hastas
2977 3256 2991 3280 ,

863 3307 938 3358 ita
961 3307 1179 3371 clypeos
1208 3307 1262 3356 in
1287 3319 1495 3369 qnoque
1520 3310 1985 3356 monumentorum
2013 3310 2339 3370 protectores
2359 3307 2571 3357 habent.

930 3396 996 3460 (3)
1028 3394 1286 3459 clypeum
1304 3399 1613 3459 argenteum
1636 3395 1998 3445 matritensem
2028 3393 2168 3446 vide.

932 3484 997 3547 (4)
1030 3482 1287 3534 Mosaicas
1309 3486 1624 3533 ravennates
1646 3497 1698 3533 v.

926 3573 996 3638 (5)
1026 3570 1332 3636 Diptychon
1355 3584 1671 3622 monacense
1695 3586 1749 3622 v.

931 3661 998 3726 (6)
1023 3658 1105 3712 Cf.
1134 3658 1460 3726 Oedi-enum,
1493 3660 1547 3711 ΙΙ
1566 3697 1580 3721 ,
1620 3675 1673 3725 p.
1702 3659 1819 3722 104,
1844 3660 1932 3723 23,
1968 3661 2051 3711 ed.
2087 3664 2284 3720 bonn.;
2322 3662 2445 3714 vide
2469 3663 2730 3714 nomisma
2761 3661 2994 3715 Heraclii

862 3767 948 3816 ap.
977 3751 1244 3813 Banduri,
1283 3750 1440 3811 Num„
1483 3748 1561 3813 11,
1599 3765 1649 3814 p.
1684 3749 1797 3800 676.
1835 3748 2114 3812 Maioriani
2143 3752 2198 3802 in
2227 3752 2419 3816 clypeo
2457 3754 2721 3803 chrismus
2756 3753 2988 3819 fingitur,

862 3838 1067 3903 Cohen,
1104 3838 1179 3889 vl
1200 3877 1213 3901 ,
1243 3841 1348 3890 tab.
1381 3839 1460 3898 19.
1497 3839 1555 3902 13
1585 3838 1772 3890 Basilii
1801 3840 2038 3890 consulis
2066 3841 2123 3891 in
2153 3846 2364 3907 sceptro
2383 3855 2488 3893 non
2507 3842 2707 3907 aquila,
2738 3844 2828 3895 sed
2857 3857 2991 3895 crux

861 3934 997 3990 atat,
1029 3928 1184 3990 Gori,
1218 3930 1349 3979 Thes.
1376 3930 1512 3992 dipt„
1544 3910 1789 3980 nov.tab.
1814 3928 1897 3979 ⁴20.
2325 3986 2330 3990 ,

924 4018 997 4082 (7)
1030 4017 1097 4069 V.
1126 4017 1424 4083 praesertim
1446 4013 1810 4068 *matritensem
1838 4019 2089 4083 clypeum
2115 4025 2169 4071 et
2201 4034 2518 4073 monacense
2542 4021 2852 4086 diptychon.

921 4109 990 4173 (8)
1019 4110 1081 4160 De
1107 4121 1269 4171 roano.
1300 4106 1383 4167 18,
1415 4107 1499 4159 ed.
1533 4106 1736 4173 Migne‚
1771 4106 1977 4168 LXVI,
2008 4125 2063 4174 p.
2102 4109 2221 4163 1084
2247 4125 2261 4161 ε
2287 4113 2404 4164 Νέοι
2429 4112 2607 4170 πάντες
2634 4111 2992 4176 (clarissimos

860 4200 1020 4251 modo
1043 4201 1268 4265 juvenes
1293 4197 1481 4248 alludit
1503 4196 1809 4262 synesius),
1840 4200 2016 4259 πάντες
2044 4201 2269 4264 εὐμήκεις
2304 4202 2391 4261 τᾲς
2420 4202 2605 4265 κόμας,
2648 4202 2805 4259 ξανθοί
2828 4220 2884 4254 τε
2904 4205 2992 4253 καὶ

861 4308 926 4344 πε
961 4292 1116 4352 estol,
1270 4321 1273 4324 ·

928 4310 954 4359 Ρ
1203 4378 1307 4438 Ἀεὶ
1333 4379 1387 4432 δὲ
1413 4379 1611 4445 λιπαροὶ
1635 4379 1846 4442 κεφαλὰς
1871 4380 1957 4432 καὶ
1978 4380 2107 4431 καλὰ
2133 4379 2395 4448 πρόσωπα.
