3488 5421
1364 629 1685 695 -31-

465 771 761 844 obnoxii
805 776 874 842 et
904 769 1251 860 periculis
1301 768 1688 860 sylvanum
1742 786 1890 840 non
1937 767 2356 859 perdomare
2389 767 2590 860 prius

465 894 820 967 valuerint
874 911 1090 985 quam
1144 900 1495 984 corruptae
1546 894 1873 966 cohortes
1918 893 2264 966 Braccatae
2310 901 2380 966 et
2427 894 2590 966 Cor-

466 1026 663 1091 nutae
709 1036 873 1090 eum
931 1019 1230 1118 ejusque
1277 1018 1588 1089 fautores
1632 1017 2205 1090 trucidavissent.
2267 1018 2593 1091 Revocati

458 1142 840 1215 Ursicinus
870 1149 953 1214 et
996 1142 1367 1214 domestici
1416 1141 1761 1214 Sirmium
1800 1142 1891 1213 ad
1931 1142 2426 1216 Constantium
2487 1163 2595 1215 re-

468 1268 694 1339 deunt
727 1290 744 1337 2
780 1267 952 1338 inde
999 1267 1324 1338 Ursicino
1376 1266 1452 1336 in
1492 1266 1840 1338 orientem
1879 1266 2103 1338 misso
2141 1268 2436 1340 comites
2472 1268 2596 1342 ite-

469 1410 630 1463 rum
663 1369 925 1462 dantur
957 1390 1384 1463 verinianus
1419 1396 1489 1463 et
1525 1390 2011 1472 Marcellinus;
2048 1391 2282 1462 caeteri
2318 1391 2597 1465 domes-

462 1516 591 1588 ·tici
640 1541 675 1579 ‹
728 1515 821 1587 ad
864 1515 1212 1607 regendos
1261 1516 1526 1587 mili-tes
1574 1540 1607 1579 ι
1658 1514 2018 1606 eliguntur
2066 1512 2158 1608 (1)
2211 1540 2228 1587 :
2273 1516 2598 1590 Ursicino

475 1646 626 1712 erat
646 1640 925 1713 -bellum
956 1645 1202 1711 contra
1228 1641 1479 1711 Persas
1503 1638 1921 1730 gerendum,
1943 1637 2087 1710 nisi
2105 1640 2336 1712 eosad
2351 1658 2593 1731 pacem

476 1765 759 1836 allicere
789 1770 1057 1854 posset.
1091 1764 1347 1853 Incipit
1374 1763 1643 1835 bellum
1680 1782 1751 1833 a.
1788 1765 1956 1833 559.
1993 1764 2189 1836 Tunc
2217 1763 2599 1835 mandatur

477 1888 899 1961 Ammianus
938 1906 1096 1958 cum
1131 1886 1546 1958 centurione
1591 1883 1685 1980 (et
1721 1886 1881 1976 ipso
1913 1882 2275 1978 deputato)
2311 1886 2404 1959 ad
2434 1886 2600 1959 Cor-

478 2012 750 2084 duenes
782 2017 1167 2103 satrapam,
1213 2011 1416 2101 cujus
1455 2009 1761 2081 interris
1779 2010 2058 2082 hostem
2097 2010 2599 2083 adventantem

460 2137 798 2226 *exploret
856 2132 983 2229 (2).
1043 2134 1249 2207 Haud
1295 2135 1522 2206 multo
1560 2140 1723 2224 post
1775 2134 2025 2216 rediit,
2069 2140 2139 2206 et
2190 2135 2373 2207 circa
2417 2136 2604 2208 Ami-

466 2259 644 2332 -dam
676 2260 1073 2339 obsessam,
1108 2276 1268 2331 curn
1288 2257 1672 2329 Veriniano
1695 2258 1952 2347 proelio
1982 2258 2321 2333 adversus
2343 2263 2603 2333 Persas

464 2385 860 2459 commisso
913 2383 1211 2455 interest
1257 2380 1394 2476 (5);
1442 2400 1656 2474 quam
1706 2383 1953 2455 urbem
2008 2384 2331 2456 nondum
2386 2403 2604 2476 expu-

476 2515 760 2600 gnatam
802 2508 1119 2598 reliquit.

577 2636 657 2709 ln
705 2633 954 2707 eodem
1007 2634 1283 2725 persico
1316 2634 1512 2706 hello
1567 2638 1914 2726 apparent
1957 2638 2382 2727 protectores
2427 2653 2605 2706 non-

468 2758 663 2834 nulli
703 2760 855 2849 qui„-
882 2759 1033 2832 sub
1069 2759 1542 2850 dispositione
1573 2759 1908 2842 Ursicini,
1937 2758 2172 2851 ripam
2199 2760 2605 2833 citeriorem

470 2884 893 2974 Euphratis,
934 2901 1095 2958 cum
1116 2883 1436 2962 ttrihunis
1478 2883 1911 2975 quibusdam
1943 2884 2214 2974 juncti,
2247 2886 2605 2976 praesidiis

468 3007 845 3091 muniunt,
888 3007 1222 3097 praesidia
1260 3007 1612 3081 machinis
1642 3006 1789 3103 (4).
2434 3001 2439 3006 ’

580 3131 1082 3205 Valentiniano
1112 3139 1479 3223 regnante,
1514 3132 1972 3205 adtuendam
1999 3153 2045 3204 a
2067 3133 2397 3206 barbaris
2433 3134 2608 3206 Afni-

486 3275 638 3329 cam
677 3257 1060 3332 mittuntur
1103 3257 1509 3340 Neoterius‚
1568 3283 1600 3321 ‹
1637 3263 1887 3349 postea
1915 3260 2182 3330 *consul
2203 3313 2223 3342 ‚
2253 3266 2438 3331 ttunc
2485 3277 2607 3331 no-

484 3382 708 3453 tarius
765 3408 795 3445 »
819 3434 863 3464 ,-
889 3381 1330 3454 Gaudentius
1375 3383 1763 3465 scutarius,
1817 3389 1886 3453 et
1933 3383 2287 3456 Masaucio
2340 3382 2608 3456 domes-

476 3505 662 3578 ricus
691 3512 1056 3599 protector
1101 3504 1193 3600 (5)
1212 3560 1228 3578 .

583 3631 791 3706 Anno
846 3634 1024 3716 5681,
1067 3632 1438 3706 Marcellus
1470 3636 1845 3725 protecter
1889 3634 2304 3724 praesidium
2358 3635 2610 3728 Nicaeae

485 3757 773 3848 agebat,
810 3757 1395 3844 nominationibus
1432 3758 1754 3833 militum
1784 3777 1944 3832 non
1983 3759 2229 3851 paucis
2255 3762 2608 3852 <praeposi-

547 4035 618 4102 (1)
651 4036 723 4097 16,
760 4035 837 4095 10,
863 4036 944 4088 21.

514 4173 518 4177 .
549 4126 618 4192 (2)
652 4126 727 4185 18,
753 4126 800 4185 6.
820 4126 904 4178 21.

550 4217 622 4280 (3)
653 4215 729 4279 18,
755 4215 908 4273 8,.11.
1234 4268 1245 4289 2

551 4307 619 4371 (4)
645 4308 843 4362 Amm.,
881 4306 953 4368 18,
980 4306 1027 4368 7,
1053 4305 1083 4356 6
1110 4326 1120 4354 :
1154 4305 1347 4357 Tribuni
1369 4319 1466 4358 cum
1489 4308 1819 4370 protectoribus
1839 4307 1996 4371 missi,
2028 4312 2127 4359 etc.

552 4396 626 4461 (5)
651 4395 851 4453 Amm„
882 4395 959 4457 26,
986 4397 1034 4455 5.
1066 4395 1138 4457 14,
1167 4395 1246 4447 ed.
1279 4394 1665 4447 Gardthausen.
1775 4405 1798 4450 ’ζ

834 4479 891 4508 v:
1527 4479 1531 4483 .
