3488 5421
1790 577 1878 593 -.
1912 545 1996 606 213
2029 575 2116 592 ..-

889 684 1181 767 milites,
1227 684 1409 756 circa
1453 685 1819 755 Iulianum
1870 703 1914 754 a
1967 682 2263 755 Parthis»
2301 684 2752 754 vulneratum
2795 679 2889 776 (1)
2938 689 3012 754 et

888 810 1253 883 Valentem
1293 829 1336 881 a
1380 810 1628 882 Gothis
1683 816 2170 901 oppugnatum
2217 804 2309 903 (2)
2372 808 2801 899 reperimus,
2847 827 3012 900 pro·-
3035 810 3066 821 “”

888 934 1064 1007 tecto
1115 952 1265 1006 non
1315 935 1392 1006 in
1444 935 1693 1006 castris
1750 934 1960 1006 otiosi
2014 912 2399 1007 manebant
2454 938 2886 1023 protectores
2938 941 3010 1006 et

889 1059 1295 1143 domestici,
1354 1078 1578 1150 quum
1630 1059 2026 1150 praesertim
2077 1057 2156 1128 in
2209 1058 2399 1130 bello
2461 1075 2696 1130 comes
2762 1075 3008 1130 eorum

889 1183 1164 1276 primus
1202 1191 1367 1276 post
1403 1184 1782 1276 magistros
1823 1183 2098 1255 militiae
2136 1182 2521 1255 incederet.

988 1309 1502 1401 Imperatorum
1555 1306 1885 1381 custodes
1948 1308 2360 1399 reipublicae
2414 1325 2716 1398 quoque
2754 1306 3010 1379 servie-

889 1433 1065 1506 bant
1091 1458 1108 1505 z
1139 1452 1286 1505 non
1315 1435 1591 1524 privata
1621 1432 1834 1505 modo
1864 1430 2120 1515 officia,
2158 1429 2286 1504 sed
2307 1431 2519 1504 etiam
2551 1430 2840 1521 publica
2863 1431 3009 1502 illis

891 1559 1477 1651 injungebantur.
1517 1559 1761 1649 Neque
1788 1558 2005 1629 inane
2029 1562 2136 1630 est
2166 1564 2551 1647 utrumque
2581 1555 2857 1628 militiae
2896 1573 3012 1646 ge-

893 1702 1032 1756 nus
1070 1684 1533 1776 distinguere,
1560 1684 1827 1776 quippe
1866 1701 2081 1774 quam
2110 1689 2381 1756 veteres
2411 1700 2699 1773 quoque
2722 1681 3013 1753 distinc-

891 1811 1159 1883 tionem
1197 1809 1648 1881 adhiberent.
1685 1811 1960 1881 Partem
2001 1810 2187 1881 inter
2227 1807 2666 1888 domesticos
2693 1806 2862 1878 dicit
2899 1806 3012 1877 lex

893 1954 960 2006 a.
1006 1936 1144 2005 595
1189 1960 1221 1998 ‹
1255 1933 1764 2025 imperatorum
1824 1908 2191 2023 obsequiis
2244 1934 2695 2022 inhaerere»,
2741 1936 3012 2023 partem

908 2084 940 2122 ι
983 2056 1235 2152 officiis
1290 2058 1603 2149 publicis
1668 2057 1995 2150 deputari
2036 2084 2068 2123 ιι
2108 2065 2233 2130 aut
2274 2085 2305 2123 α
2339 2057 2663 2149 publicas
2720 2056 3015 2146 exsequi

785 2169 789 2172 ’
889 2183 1255 2275 jussiones
1290 2179 1384 2277 (5)
1421 2209 1490 2253 ι.
1529 2182 1791 2255 Iisdem
1822 2182 1966 2256 fere
1983 2183 2216 2255 verbis
2248 2183 2566 2273 loquitur
2593 2181 3013 2253 Ammianus

896 2307 1346 2381 Marcellinus
1413 2305 1502 2379 de
1561 2307 1970 2380 domesticis
2034 2308 2298 2398 quibus
2373 2314 2675 2379 utuntur
2734 2303 3014 2396 augusti

908 2457 940 2499 ι
980 2432 1072 2504 ad
1116 2431 1468 2524 juvandas
1514 2432 1840 2524 publicas
1890 2433 2354 2505 necessitates
2398 2429 2491 2526 (4)
2543 2458 2612 2502 ιι.
2660 2433 2831 2518 Quae
2862 2431 3015 2520 J‘us-

898 2556 1139 2630 siones
1206 2556 1417 2645 etiam
1484 2556 2003 2648 protectoribus
2077 2553 2604 2627 mandabantur
2650 2579 2667 2625 ε
2719 2553 3017 2646 opponit

898 2682 1040 2755 alia
1075 2682 1190 2767 lex
1213 2736 1230 2765 ,
1273 2683 1351 2754 in
1390 2700 1533 2772 qua
1570 2681 1659 2754 de
1695 2681 2214 2773 protectoribus
2255 2680 2470 2753 modo
2507 2679 2765 2773 agitur,
2814 2704 2845 2744 α
2883 2695 3010 2751 ne-

900 2807 1264 2880 cessitates
1301 2813 1762 2898 augustorum
1805 2833 1836 2869 ι»
1889 2807 2153 2897 quibus
2183 2813 2510 2899 prosunt,
2558 2833 2587 2870 α
2630 2804 3017 2897 expeditio-

902 2931 1117 3003 nibus
1155 2931 1432 3004 bellicis
1472 2958 1543 3015 »,
1587 2931 1852 3022 quibus
1892 2933 2257 3004 intersunt
2299 2929 2427 3026 (5).

950 3087 955 3092 ·
1000 3055 1136 3142 Qui
1193 3061 1626 3147 protectores
1682 3056 2139 3130 domesticive
2197 3075 2345 3127 non
2414 3056 2565 3128 suis
2620 3057 2696 3127 in
2755 3054 3018 3128 scholis

899 3183 1088 3254 intra
1124 3183 1470 3273 palatium
1511 3181 1893 3267 sedebant,
1935 3182 2063 3254 sed
2093 3182 2357 3273 negotii
2397 3180 2664 3272 publici
2691 3198 2905 3252 causa
2940 3178 3019 3249 in

899 3305 1334 3397 provinciam
1409 3307 1911 3390 mittebantur,
1961 3305 2282 3399 deputati
2344 3325 2623 3397 semper
2674 3304 3020 3377 vocaban-

901 3434 1017 3502 tur
1060 3426 1190 3524 (6).
1234 3431 1387 3502 Jam
1439 3432 1644 3503 tertio
1696 3433 1994 3514 saeculo,
2041 3432 2102 3504 si
2150 3432 2274 3522 qui
2321 3432 2774 3504 centuriones
2824 3435 3022 3502 extra

902 3542 1227 3630 ordinem
1282 3556 1867 3630 vexillationibus
1923 3564 2046 3631 aut
2103 3557 2381 3631 bellicis
2442 3556 3019 3648 expeditionibus

962 3784 1032 3849 (l)
1057 3783 1236 3835 Amm.
1266 3781 1449 3843 Marc„
1478 3783 1559 3847 25,
1589 3784 1636 3849 3,
1666 3784 1715 3836 6.

967 3872 1034 3938 (2)
1062 3872 1242 3925 Amm-
1269 3871 1452 3935 Μαι-(3.,
1477 3872 1556 3935 31,
1590 3871 1664 3936 13,
1694 3872 1769 3925 16.

964 3960 1036 4027 (8)
1061 3961 1113 4014 G.
1139 3962 1227 4024 tt„
1255 3960 1305 4026 6,
1332 3960 1412 4020 24,
1438 3962 1487 4014 5.

965 4051 1034 4116 (4)
1061 4052 1240 4101 Amm.
1269 4050 1454 4114 Marc„
1489 4051 1562 4109 15,
1592 4051 1640 4112 5,
1669 4052 1748 4102 22.

838 4170 847 4179 ·
963 4141 1033 4206 (5)
1060 4140 1110 4206 G.
1142 4142 1234 4204 tlt„
1260 4140 1290 4190 6
1308 4177 1322 4204 ,
1350 4141 1440 4203 24,
1469 4140 1531 4204 33
1561 4142 1630 4193 cf.
1667 4141 1716 4193 G.
1748 4146 1885 4205 just„
1924 4142 2009 4200 12,
2043 4140 2127 4204 17,
2158 4142 2187 4193 3
2207 4179 2219 4203 ,
2249 4143 2341 4192 ubi
2365 4143 2418 4192 do
2443 4142 2615 4205 mantii
2633 4141 2809 4205 publici
2836 4141 3025 4192 abstra-

904 4232 1030 4283 hente
1059 4231 1367 4282 scilicitudim
1393 4231 1521 4281 etde
1549 4230 1771 4294 obsequiis
1798 4233 2058 4284 serenitatis
2079 4236 2246 4283 ποιείτω
2269 4232 2558 4295 loquuntur
2588 4230 2817 4296 augusti.

967 4318 1037 4383 (6)
1064 4318 1114 4371 G.
1142 4320 1308 4382 theod„
1335 4319 1383 4381 6,
1410 4319 1491 4382 24,
1519 4320 1565 4371 5.

1546 5329 1551 5333 ι
3219 5323 3228 5334 Ι

1516 5393 1527 5398 -
1558 5395 1603 5401 -
1630 5395 1651 5398 m
1674 5389 1731 5397 m
1805 5380 2008 5402 “r-”-
2037 5365 3269 5421 fflffl-fflssffl

1875 5411 1884 5421 Ι
2033 5411 2040 5417 ‘¹
2543 5415 2602 5421 u*

3371 5083 3405 5321 ἓ
