3488 5421
1876 1468 1935 1538 Π

834 1796 1206 1840 annuento!
1236 1795 1716 1839 NONUHBNTORUH
1753 1796 1813 1836 IN
1848 1795 2059 1843 omnus
2093 1795 2488 1839 Pnowncwoans
2519 1796 2951 1837 Expamuwrua.

912 2072 961 2134 Ι.
995 2067 1167 2132 Stela
1198 2068 1577 2133 Nicomediae
1620 2088 1787 2133 anno
1820 2070 1967 2131 ⁴86⁴
2010 2087 2044 2130 a
2087 2069 2224 2132 viro
2250 2068 2600 2133 clarissimo
2631 2070 2704 2132 G.
2740 2070 2961 2131 Perrot

832 2185 1105 2258 reperta.
1129 2179 1199 2237 In
1223 2185 1402 2256 parte
1422 2177 1716 2241 inferiore
1736 2175 1961 2239 titulus
1983 2174 2227 2239 Claudii
2252 2175 2610 2251 Herculani,
2634 2174 2961 2238 Aureliani

831 2285 1083 2363 augusti
1115 2286 1489 2363 protectoris
1505 2327 1525 2358 ,
1580 2282 1810 2365 legitur
1825 2303 1844 2359 3
1879 2285 1943 2344 in
1970 2291 2151 2364 parte
2181 2286 2508 2364 superiore
2535 2282 2838 2344 Claudius
2866 2285 2957 2344 in-

832 2391 1119 2471 sculptus
1149 2391 1295 2467 fuit,
1328 2410 1492 2471 equo
1522 2388 1774 2452 sedens,
1803 2391 1925 2453 Ars
1961 2393 2349 2453 monumenti
2379 2390 2720 2453 admodum
2751 2389 2953 2452 rudis·

831 2499 961 2560 Hoc
1013 2499 1391 2577 impressum
1438 2495 1585 2560 vide
1631 2516 1735 2579 ap.
1775 2500 2028 2573 Perrot,
2062 2496 2472 2578 Eoeploration
2500 2496 2957 2578 archeoloyique

831 2604 904 2667 de
933 2603 993 2666 la
1023 2604 1299 2685 Bithynie
1328 2603 1485 2666 etde
1515 2603 1578 2666 la
1608 2603 1884 2680 Galatie,
1919 2607 1978 2693 Ι,
2012 2624 2076 2685 p.
2114 2605 2184 2681 75
2218 2602 2297 2666 de
2327 2604 2508 2667 titulo
2533 2653 2547 2680 ,
2583 2605 2661 2666 cf.
2699 2606 2768 2667 G.
2803 2605 2847 2664 i.
2882 2602 2952 2678 l.,

832 2715 943 2786 ΠΙ,
986 2712 1127 2781 327,
1165 2713 1406 2788 ethic,
1443 2731 1507 2792 p.
1545 2713 1642 2788 ⁴8,
1675 2731 1738 2773 n.
1777 2715 1835 2773 4.

912 2848 985 2908 ΙΙ.
1024 2849 1093 2907 ln
1125 2845 1317 2906 vitreo
1345 2842 1688 2926 fraqmento
1709 2891 1728 2921 ‚
1786 2845 1896 2907 ubi
1929 2845 2275 2907 vicennalia
2308 2844 2672 2909 Diocletiani
2714 2864 2948 2927 reprae-

828 2953 1061 3013 sentari
1097 2950 1426 3026 videntur,
1477 2952 1855 3031 exprimitur
1896 2958 2213 3031 protector
2257 2952 2488 3013 seniori
2524 2960 2793 3033 augusto
2839 2951 2952 3013 ad·

827 3066 1002 3121 stans
1019 3104 1037 3135 ,
1086 3057 1166 3119 de
1209 3058 1394 3137 cujus
1421 3064 1630 3118 tamen
1658 3057 1855 3119 armis
1888 3064 1950 3119 et
1983 3059 2354 3120 vestimento
2386 3065 2647 3140 propter
2679 3059 2947 3121 fractum

827 3174 1302 3227 monumentum
1333 3164 1490 3225 nihil
1521 3183 1781 3226 cernere
1810 3164 1973 3226 licet.
2000 3164 2155 3230 Vide
2190 3165 2455 3246 effigiem
2483 3213 2498 3241 ‚
2548 3165 2683 3246 lege
2712 3165 2946 3227 disser-

825 3274 1126 3334 tationem
1148 3290 1211 3333 v.
1243 3289 1300 3331 c.
1324 3269 1619 3332 Ludovici
1641 3273 1899 3352 Bruma,
1924 3272 1991 3334 in
2010 3268 2334 3338 Bullettino
2354 3269 2516 3334 della
2529 3271 2949 3334 commissione

825 3376 1240 3458 archeoloyica
1287 3375 1656 3460 municipale
1681 3423 1700 3453 ,
1733 3379 1960 3454 Roma,
1995 3378 2164 3439 in-so
2180 3423 2199 3454 ,
2235 3379 2389 3442 ⁴882
2406 3424 2424 3455 ,
2476 3385 2540 3440 et
2586 3379 2651 3439 in
2680 3376 2948 3441 Bullelin

824 3482 1257 3566 epiyraphique
1287 3482 1360 3546 de
1395 3482 1459 3544 la
1488 3482 1680 3546 Gaule
1698 3530 1716 3561 ,
1755 3485 2050 3561 Viennae,
2087 3486 2288 3560 in-8o,
2339 3486 2517 3547 ⁴883.

848 3629 854 3634 ’
907 3619 1010 3679 111.
1076 3618 1428 3697 Argenteus
1474 3618 1713 3679 votivus
1765 3617 2012 3699 clypeus
2066 3637 2233 3680 anno
2282 3618 2437 3681 ⁴847
2495 3616 2665 3680 haud
2727 3617 2948 3698 procul

826 3724 1096 3786 Emerita
1144 3722 1427 3804 Augusta
1467 3721 1759 3806 (Merida)
1791 3734 2110 3807 repertus.
2150 3728 2217 3786 In
2245 3743 2321 3786 eo
2354 3724 2645 3806 sculptus
2688 3723 2947 3786 Theodo-

825 3831 956 3893 sius
988 3839 1132 3893 vota
1167 3829 1470 3906 solennia,
1507 3839 1764 3912 propter
1805 3829 2171 3893 decennalia
2197 3829 2393 3913 (393),
2428 3838 2498 3893 ut
2530 3830 2803 3906 videtur,
2836 3830 2950 3893 Ar-

824 3936 1012 4012 cadii,
1037 3955 1075 3999 a
1100 3937 1238 3999 viro
1258 3936 1534 4017 quodam
1564 3937 1795 3999 illustri
1819 3939 2050 4021 accipit
2077 3959 2091 3999 :
2117 3935 2340 4000 dextra
2363 3935 2729 4013 Arcadium,
2761 3936 2946 3999 sinis-

824 4052 918 4106 tra
941 4045 1284 4107 Honorium
1316 4043 1530 4119 habet,
1563 4061 1723 4123 quos
1754 4046 1920 4105 circa
1953 4044 2086 4105 bini
2118 4052 2505 4125 protectores
2538 4041 2949 4105 domesticive

826 4158 1014 4213 stant.
1073 4151 1141 4211 ln
1177 4158 1359 4230 parte
1388 4150 1596 4239 clypei
1633 4150 1928 4212 inferiore
1956 4151 2266 4231 Hispania
2300 4156 2791 4231 repraesentatur
2809 4169 2828 4224 3
2882 4148 2949 4209 in

825 4257 1106 4337 margine
1141 4257 1467 4336 superiore
1498 4255 1728 4336 legitur
1761 4277 1776 4317 τ
1811 4257 1885 4319 D.
1915 4276 1979 4319 n.
2023 4255 2347 4320 Theodosio
2375 4255 2448 4318 ob
2475 4255 2635 4318 diem
2667 4252 2947 4335 felicissi-

824 4381 993 4425 mum
1033 4343 1110 4424 ᾖ.
1157 4362 1432 4445 Clypeus
1465 4382 1634 4425 nunc
1663 4363 1728 4426 in
1760 4364 2109 4426 matritensi
2135 4364 2341 4445 Regiae
2375 4362 2713 4426 academiae
2745 4362 2946 4423 histo-
