3488 5421
1312 684 1395 700 -.
1434 652 1507 715 37
1552 685 1632 700 ..-

407 790 545 861 bus
587 791 773 861 inter
811 790 1382 881 magistratuum,
1415 790 1730 863 virorum
1762 791 2152 863 illustrium
2185 792 2535 882 spectabi-

408 913 673 985 liumve
697 911 914 995 filios,
937 912 1572 1003 adolescentesque
1597 931 1636 985 e
1656 912 2214 985 clarissimorum
2240 913 2534 987 familiis
2639 970 2644 975 ,

408 1042 601 1107 ortos
655 1036 1177 1127 deligebantur.
1237 1039 1327 1109 Se
1371 1036 1795 1108 Ammianus
1851 1037 2345 1118 Marcellinus,
2410 1037 2535 1128 qui

409 1161 637 1233 nobili
686 1163 841 1233 loco
891 1168 1105 1233 natus
1156 1168 1306 1234 erat
1366 1158 1503 1255 (1),
1562 1161 1954 1233 admodum
2011 1161 2533 1234 adolescentem

407 1285 595 1357 inter
634 1290 1070 1377 protectores
1127 1283 1530 1354 domesticos
1578 1285 1929 1357 meruisse
1996 1285 2279 1357 fatetur.
2350 1284 2536 1361 Ado—

407 1408 684 1481 lescens
746 1426 1035 1499 quoque
1087 1415 1238 1481 erat
1300 1408 1518 1499 hujus
1582 1410 1849 1499 collega
1903 1408 2335 1481 verinianus
2399 1405 2529 1503 (2).

407 1531 782 1603 Protector
814 1540 963 1605 erat
1000 1534 1400 1613 Marcellus,
1444 1533 1812 1623 Procopio,
1851 1533 2188 1624 magistro
2230 1534 2531 1618 militiae,

408 1656 786 1748 eidemque
812 1656 1290 1747 imperatoriae
1327 1656 1572 1728 domui
1599 1655 1798 1728 affini
1837 1654 1967 1751 (5),
1998 1658 2371 1748 proximus
2402 1653 2530 1751 (4).

410 1780 632 1853 Filius
675 1788 825 1853 erat
864 1783 1219 1855 Masaucio
1272 1781 1626 1853 Cretionis
1675 1799 1759 1853 ex
1799 1783 2051 1853 comite
2093 1782 2343 1853 Africae
2401 1778 2531 1874 (5),

410 1905 887 1986 Herculanus,
943 1906 1076 1976 viri
1129 1905 1501 1996 cujusdam
1551 1905 1855 1976 illustris
1904 1923 1991 1975 ex
2027 1905 2366 1995 magistro
2406 1905 2537 1976 mi-

405 2028 579 2100 litiae
625 2026 718 2123 (6)
775 2054 791 2099 :
835 2036 1137 2120 uterque
1164 2034 1528 2121 protector
1562 2026 2000 2098 domesticu&
2039 2028 2287 2100 Plures
2322 2028 2533 2099 etiam

406 2153 870 2243 imperatores
927 2154 1115 2224 inter
1172 2157 1605 2243 protectores
1657 2153 1970 2243 primum
2022 2152 2532 2224 militaverunt.

408 2277 871 2350 Constantius
902 2277 1235 2357 Chlorus,
1273 2296 1312 2348 e
1345 2267 1804 2348 nobilissima
1842 2276 2299 2349 Thraciarum
2332 2283 2539 2367 gente

408 2408 604 2473 ortus
652 2399 792 2495 (7),
825 2403 1115 2484 ValenS‚
1159 2404 1362 2492 cujus
1393 2409 1594 2491 pater
1630 2402 1882 2473 Africae
1920 2401 2320 2473 comitivam
2363 2400 2541 2472 obti-

407 2532 698 2609 nuerat,
763 2544 1122 2616 quemque
1157 2527 1486 2596 Julianus
1528 2525 1894 2596 custodem
1950 2520 2043 2618 (8)
2090 2523 2230 2596 diis
2272 2522 2539 2595 sacrifi-

409 2666 564 2721 care
607 2649 871 2723 frustra
903 2651 1121 2742 jussit
1182 2646 1275 2743 (9)
1302 2703 1319 2728 ‚
1373 2653 1796 2741 protectores
1834 2648 2149 2719 fuerunt.
2199 2647 2538 2719 Jovianus

408 2773 761 2865 denique,
820 2795 862 2846 a
909 2781 1111 2867 patre
1163 2775 1419 2846 comite
1464 2773 2018 2846 domesticorum
2074 2779 2309 2853 ortus,
2353 2771 2541 2843 inter

394 2906 827 2992 protectores
850 2896 1255 2968 domesticos
1280 2899 1631 2971 serviebat
1661 2916 1884 2988 quum
1918 2898 2306 2988 imperator
2336 2914 2378 2966 a
2408 2894 2539 2965 mi-

469 3138 536 3246 (1)
562 3182 636 3235 19.
667 3181 716 3243 8,
740 3182 813 3231 6:
844 3183 1050 3232 Insuetus
1078 3183 1314 3243 ingenuus.

471 3271 646 3333 (2)16,
681 3270 756 3333 10,
786 3272 1229 3322 212Adolescentes
1256 3284 1353 3320 eum
1383 3268 1732 3332 (Ursicinum)
1761 3268 1888 3330 sequi
1908 3268 2120 3329 jubemur
2143 3221 2211 3330 (a.
2243 3265 2373 3329 357).
2409 3264 2538 3313 For·

408 3366 547 3410 tasse
582 3362 691 3425 jam
729 3360 852 3409 inde
883 3361 946 3408 ab
987 3375 1037 3408 a.
1076 3360 1165 3410 353
1205 3359 1519 3408 Ammianus
1560 3356 1987 3418 Verinianusque
2032 3357 2170 3403 inter
2213 3358 2541 3416 protectores

406 3450 727 3510 militabant,
758 3464 863 3512 quo
898 3462 1037 3498 anno
1070 3447 1242 3498 Nisibi
1278 3450 1486 3497 stabant
1525 3448 1669 3497 circa
1701 3446 1946 3497 eumdem
1978 3442 2318 3502 Ursicinum,
2350 3444 2425 3493 cui
2457 3456 2541 3493 nos

408 3540 691 3590 obsecuturos
708 3541 928 3600 ,iunxerat
954 3538 1184 3601 imperiale
1208 3541 1505 3599 praeceptum,
1541 3536 1615 3592 14.
1641 3535 1691 3591 9.
1724 3536 1765 3584 1.

466 3628 537 3690 (3)
565 3628 763 3688 Amm.‚
793 3628 852 3675 23
871 3663 886 3688 ,
914 3626 974 3686 3,
1004 3626 1065 3686 23
1091 3626 1178 3680 26.
1215 3626 1275 3686 6,
1313 3626 1354 3676 1.
1389 3624 1679 3687 Procopius
1707 3639 1758 3673 a.
1789 3622 1881 3672 365
1911 3635 2201 3686 purpuram
2237 3622 2289 3669 in
2336 3623 2540 3670 oriente

405 3715 605 3776 induit,
636 3715 897 3765 natalibus
923 3714 1034 3763 suis
1064 3714 1248 3764 fretuS.

469 3805 538 3867 (4)
571 3803 771 3865 Amm„
798 3803 878 3864 26,
913 3802 988 3864 10,
1027 3802 1070 3853 1.

468 3892 538 3956 (5)
566 3892 895 3956 Quapropter
921 3892 976 3942 in
1007 3890 1244 3941 Africam
1285 3893 1478 3939 missus
1506 3896 1616 3950 est,
1653 3890 1861 3948 Amm.‚
1892 3888 1982 3950 26,
2001 3892 2070 3954 ¹5.
2106 3888 2163 3938 14
2194 3907 2207 3936 ι
2239 3889 2305 3937 Εα
2336 3888 2538 3937 conside-

404 3982 583 4031 ratione
620 3982 762 4044 quod,
802 3982 882 4031 diu
917 3981 999 4031 sub
1032 3986 1163 4042 patre
1191 3980 1395 4032 Cretione
1420 3981 1640 4042 quondam
1664 3980 1823 4029 comite
1850 3979 2093 4038 educatus,
2123 3982 2326 4041 suspecta
2355 3981 2542 4027 noverat

409 4072 525 4120 loca.
553 4068 633 4121 Cf.
659 4086 714 4134 p.
746 4070 823 4120 31.

470 4159 539 4224 (6)
568 4157 748 4208 Amm.
779 4157 961 4215 Marc..
993 4158 1067 4218 14,
1102 4158 1178 4219 10,
1205 4158 1254 4208 2.

472 4247 542 4313 (7)
567 4248 884 4312 Anonymus
909 4248 1225 4306 valesianuS,
1257 4247 1300 4307 1,
1329 4246 1379 4309 1;
1407 4246 1702 4297 Trebellius
1732 4246 1932 4306 Pollio,
1972 4246 2024 4295 V.
2057 4244 2259 4297 Claudii.
2295 4241 2368 4303 13,
2397 4241 2444 4291 2.

474 4336 542 4401 (8)
569 4337 748 4387 Amm.
779 4336 963 4399 Marc„
989 4337 1067 4397 30,
1099 4337 1147 4391 7.
1177 4337 1225 4387 3.

471 4426 541 4491 (9)
571 4426 841 4487 Socrates,
872 4427 996 4478 Hist.
1033 4428 1161 4483 cccl..
1190 4427 1237 4487 4,
1272 4428 1285 4475 1
1324 4426 1471 4487 (Patr.
1503 4439 1595 4487 qr..
1630 4423 1861 4483 LXVII,
1891 4439 1945 4488 p.
1975 4421 2107 4489 463).
