<?xml version="1.0" encoding="UTF-8"?>
<!DOCTYPE html PUBLIC "-//W3C//DTD XHTML 1.0 Transitional//EN"
    "http://www.w3.org/TR/xhtml1/DTD/xhtml1-transitional.dtd">
<html xmlns="http://www.w3.org/1999/xhtml" xml:lang="en" lang="en">
 <head>
  <title>
</title>
<meta http-equiv="Content-Type" content="text/html;charset=utf-8" />
  <meta name='ocr-system' content='tesseract 3.04.00' />
  <meta name='ocr-capabilities' content='ocr_page ocr_carea ocr_par ocr_line ocrx_word'/>
</head>
<body>
  <div class='ocr_page' id='page_1' title='image "./deprotectoribus00jullgoog_0055.png"; bbox 0 0 3488 5421; ppageno 0'>
   <div class='ocr_carea' id='block_1_1' title="bbox 13 0 872 4">
    <p class='ocr_par' dir='ltr' id='par_1_1' title="bbox 13 0 872 4">
     <span class='ocr_line' id='line_1_1' title="bbox 13 0 872 4; baseline 0 0"><span class='ocrx_word' id='word_1_1' title='bbox 13 0 872 4; x_wconf 95' lang='lat' dir='ltr'> </span> 
     </span>
    </p>
   </div>
   <div class='ocr_carea' id='block_1_2' title="bbox 1421 641 1740 726">
    <p class='ocr_par' dir='ltr' id='par_1_2' title="bbox 1421 641 1740 726">
     <span class='ocr_line' id='line_1_2' title="bbox 1421 641 1740 726; baseline -0.003 -24"><span class='ocrx_word' id='word_1_2' title='bbox 1421 641 1740 726; x_wconf 56' lang='lat'>-41÷-</span> 
     </span>
    </p>
   </div>
   <div class='ocr_carea' id='block_1_3' title="bbox 513 776 2741 3107">
    <p class='ocr_par' dir='ltr' id='par_1_3' title="bbox 517 776 2656 1241">
     <span class='ocr_line' id='line_1_3' title="bbox 517 776 2656 870; baseline 0 -21"><span class='ocrx_word' id='word_1_3' title='bbox 517 778 717 870; x_wconf 85' lang='lat' dir='ltr'>plina</span> <span class='ocrx_word' id='word_1_4' title='bbox 765 795 1017 849; x_wconf 82' lang='lat' dir='ltr'>cursus</span> <span class='ocrx_word' id='word_1_5' title='bbox 1073 777 1451 849; x_wconf 79' lang='lat' dir='ltr'>munerum</span> <span class='ocrx_word' id='word_1_6' title='bbox 1511 778 1957 849; x_wconf 86' lang='lat' dir='ltr'>honorumve</span> <span class='ocrx_word' id='word_1_7' title='bbox 2009 776 2256 849; x_wconf 90' lang='lat' dir='ltr'>eodem</span> <span class='ocrx_word' id='word_1_8' title='bbox 2312 776 2523 848; x_wconf 90' lang='lat' dir='ltr'>modo</span> <span class='ocrx_word' id='word_1_9' title='bbox 2572 795 2656 849; x_wconf 84' lang='lat' dir='ltr'>ae</span> 
     </span>
     <span class='ocr_line' id='line_1_4' title="bbox 517 897 2652 995; baseline -0 -23"><span class='ocrx_word' id='word_1_10' title='bbox 517 902 877 993; x_wconf 82' lang='lat' dir='ltr'>prioribus</span> <span class='ocrx_word' id='word_1_11' title='bbox 944 900 1230 992; x_wconf 89' lang='lat' dir='ltr'>imperii</span> <span class='ocrx_word' id='word_1_12' title='bbox 1289 901 1567 972; x_wconf 90' lang='lat' dir='ltr'>romani</span> <span class='ocrx_word' id='word_1_13' title='bbox 1625 902 1907 973; x_wconf 80' lang='lat' dir='ltr'>saeculis</span> <span class='ocrx_word' id='word_1_14' title='bbox 1971 897 2064 995; x_wconf 90' lang='lat'>(1)</span> <span class='ocrx_word' id='word_1_15' title='bbox 2129 906 2357 983; x_wconf 91' lang='lat' dir='ltr'>esset,</span> <span class='ocrx_word' id='word_1_16' title='bbox 2418 917 2652 990; x_wconf 80' lang='lat' dir='ltr'>operae</span> 
     </span>
     <span class='ocr_line' id='line_1_5' title="bbox 518 1024 2653 1116; baseline 0 -22"><span class='ocrx_word' id='word_1_17' title='bbox 518 1024 826 1115; x_wconf 85' lang='lat' dir='ltr'>pretium</span> <span class='ocrx_word' id='word_1_18' title='bbox 868 1030 978 1096; x_wconf 91' lang='lat' dir='ltr'>est</span> <span class='ocrx_word' id='word_1_19' title='bbox 1016 1024 1419 1114; x_wconf 81' lang='lat' dir='ltr'>disquirere</span> <span class='ocrx_word' id='word_1_20' title='bbox 1464 1042 1677 1114; x_wconf 91' lang='lat' dir='ltr'>quem</span> <span class='ocrx_word' id='word_1_21' title='bbox 1718 1024 2014 1116; x_wconf 82' lang='lat' dir='ltr'>gradum</span> <span class='ocrx_word' id='word_1_22' title='bbox 2060 1025 2137 1095; x_wconf 88' lang='lat' dir='ltr'>in</span> <span class='ocrx_word' id='word_1_23' title='bbox 2175 1042 2259 1096; x_wconf 91' lang='lat' dir='ltr'>eo</span> <span class='ocrx_word' id='word_1_24' title='bbox 2299 1024 2653 1096; x_wconf 87' lang='lat' dir='ltr'>obtineret</span> 
     </span>
     <span class='ocr_line' id='line_1_6' title="bbox 518 1148 1811 1241; baseline 0.001 -21"><span class='ocrx_word' id='word_1_25' title='bbox 518 1151 936 1241; x_wconf 81' lang='lat' dir='ltr'>protectoris</span> <span class='ocrx_word' id='word_1_26' title='bbox 976 1149 1434 1222; x_wconf 86' lang='lat' dir='ltr'>domesticive</span> <span class='ocrx_word' id='word_1_27' title='bbox 1473 1148 1811 1240; x_wconf 84' lang='lat' dir='ltr'>dignitas.</span> 
     </span>
    </p>

    <p class='ocr_par' dir='ltr' id='par_1_4' title="bbox 513 1269 2741 2236">
     <span class='ocr_line' id='line_1_7' title="bbox 616 1269 2645 1368; baseline -0.003 -24"><span class='ocrx_word' id='word_1_28' title='bbox 616 1274 885 1346; x_wconf 90' lang='lat' dir='ltr'>Baudio</span> <span class='ocrx_word' id='word_1_29' title='bbox 963 1271 1056 1368; x_wconf 75' lang='lat'>(2)</span> <span class='ocrx_word' id='word_1_30' title='bbox 1089 1329 1106 1355; x_wconf 89' lang='lat'>‚</span> <span class='ocrx_word' id='word_1_31' title='bbox 1173 1280 1557 1364; x_wconf 85' lang='lat' dir='ltr'>postquam</span> <span class='ocrx_word' id='word_1_32' title='bbox 1611 1272 1884 1365; x_wconf 90' lang='lat' dir='ltr'>primos</span> <span class='ocrx_word' id='word_1_33' title='bbox 1934 1273 2225 1345; x_wconf 80' lang='lat' dir='ltr'>ordines</span> <span class='ocrx_word' id='word_1_34' title='bbox 2286 1270 2411 1367; x_wconf 72' lang='lat' dir='ltr'>(ew</span> <span class='ocrx_word' id='word_1_35' title='bbox 2446 1269 2645 1343; x_wconf 84' lang='lat' dir='ltr'>ordi-</span> 
     </span>
     <span class='ocr_line' id='line_1_8' title="bbox 516 1395 2648 1492; baseline 0 -26"><span class='ocrx_word' id='word_1_36' title='bbox 516 1396 727 1467; x_wconf 79' lang='lat' dir='ltr'>nario</span> <span class='ocrx_word' id='word_1_37' title='bbox 775 1395 949 1491; x_wconf 89' lang='lat' dir='ltr'>erat)</span> <span class='ocrx_word' id='word_1_38' title='bbox 1003 1395 1133 1492; x_wconf 78' lang='lat'>(3),</span> <span class='ocrx_word' id='word_1_39' title='bbox 1178 1398 1512 1471; x_wconf 89' lang='lat' dir='ltr'>Aurelius</span> <span class='ocrx_word' id='word_1_40' title='bbox 1562 1398 2043 1471; x_wconf 86' lang='lat' dir='ltr'>Prooessanus</span> <span class='ocrx_word' id='word_1_41' title='bbox 2090 1395 2219 1492; x_wconf 72' lang='grc'>(4),</span> <span class='ocrx_word' id='word_1_42' title='bbox 2267 1404 2648 1487; x_wconf 83' lang='lat' dir='ltr'>postquam</span> 
     </span>
     <span class='ocr_line' id='line_1_9' title="bbox 519 1515 2741 1614; baseline -0.001 -20"><span class='ocrx_word' id='word_1_43' title='bbox 519 1515 882 1595; x_wconf 80' lang='lat' dir='ltr'>eohortem</span> <span class='ocrx_word' id='word_1_44' title='bbox 924 1529 1196 1595; x_wconf 81' lang='lat' dir='ltr'>sextam</span> <span class='ocrx_word' id='word_1_45' title='bbox 1238 1523 1645 1613; x_wconf 84' lang='lat' dir='ltr'>praetoriam</span> <span class='ocrx_word' id='word_1_46' title='bbox 1679 1522 1918 1606; x_wconf 82' lang='lat' dir='ltr'>duxit,</span> <span class='ocrx_word' id='word_1_47' title='bbox 1957 1526 2390 1614; x_wconf 82' lang='lat' dir='ltr'>protectores</span> <span class='ocrx_word' id='word_1_48' title='bbox 2428 1521 2652 1594; x_wconf 88' lang='lat' dir='ltr'>nomi·</span> <span class='ocrx_word' id='word_1_49' title='bbox 2737 1607 2741 1612; x_wconf 6' lang='lat' dir='ltr'>p</span> 
     </span>
     <span class='ocr_line' id='line_1_10' title="bbox 517 1644 2651 1737; baseline 0 -21"><span class='ocrx_word' id='word_1_50' title='bbox 517 1653 807 1717; x_wconf 80' lang='lat' dir='ltr'>uantur.</span> <span class='ocrx_word' id='word_1_51' title='bbox 905 1646 1144 1735; x_wconf 13' lang='lat' dir='ltr'>Atqui*</span> <span class='ocrx_word' id='word_1_52' title='bbox 1207 1645 1642 1716; x_wconf 75' lang='lat' dir='ltr'>centuriones</span> <span class='ocrx_word' id='word_1_53' title='bbox 1723 1645 2072 1737; x_wconf 71' lang='lat' dir='ltr'>leffl&#39;onum</span> <span class='ocrx_word' id='word_1_54' title='bbox 2150 1644 2503 1716; x_wconf 77' lang='lat' dir='ltr'>ordinarii</span> <span class='ocrx_word' id='word_1_55' title='bbox 2582 1651 2651 1717; x_wconf 82' lang='lat' dir='ltr'>et</span> 
     </span>
     <span class='ocr_line' id='line_1_11' title="bbox 515 1753 2649 1862; baseline 0.001 -22"><span class='ocrx_word' id='word_1_56' title='bbox 515 1753 959 1843; x_wconf 54' lang='lat' dir='ltr'>centuriones</span> <span class='ocrx_word' id='word_1_57' title='bbox 1002 1768 1394 1841; x_wconf 77' lang='lat' dir='ltr'>cohortium</span> <span class='ocrx_word' id='word_1_58' title='bbox 1427 1769 1956 1861; x_wconf 70' lang='lat' dir='ltr'>praetoriarum</span> <span class='ocrx_word' id='word_1_59' title='bbox 1991 1772 2147 1862; x_wconf 82' lang='lat' dir='ltr'>pari</span> <span class='ocrx_word' id='word_1_60' title='bbox 2200 1770 2423 1861; x_wconf 84' lang='lat' dir='ltr'>gradu</span> <span class='ocrx_word' id='word_1_61' title='bbox 2462 1769 2649 1841; x_wconf 80' lang='lat' dir='ltr'>inoe-</span> 
     </span>
     <span class='ocr_line' id='line_1_12' title="bbox 517 1892 2651 1988; baseline -0.002 -22"><span class='ocrx_word' id='word_1_62' title='bbox 517 1894 782 1967; x_wconf 89' lang='lat' dir='ltr'>debant</span> <span class='ocrx_word' id='word_1_63' title='bbox 828 1920 845 1966; x_wconf 73' lang='grc' dir='ltr'><strong><em>ε</em></strong></span> <span class='ocrx_word' id='word_1_64' title='bbox 891 1896 1177 1985; x_wconf 87' lang='lat' dir='ltr'>utrique</span> <span class='ocrx_word' id='word_1_65' title='bbox 1201 1951 1218 1980; x_wconf 92' lang='lat'>,</span> <span class='ocrx_word' id='word_1_66' title='bbox 1262 1903 1425 1986; x_wconf 92' lang='lat' dir='ltr'>post</span> <span class='ocrx_word' id='word_1_67' title='bbox 1462 1896 2035 1968; x_wconf 88' lang='lat' dir='ltr'>oenturionatum</span> <span class='ocrx_word' id='word_1_68' title='bbox 2062 1951 2079 1978; x_wconf 92' lang='lat'><strong><em>‚</em></strong></span> <span class='ocrx_word' id='word_1_69' title='bbox 2115 1892 2651 1988; x_wconf 78' lang='lat' dir='ltr'>primipilatum</span> 
     </span>
     <span class='ocr_line' id='line_1_13' title="bbox 513 2014 2649 2113; baseline 0 -23"><span class='ocrx_word' id='word_1_70' title='bbox 513 2020 1085 2108; x_wconf 86' lang='lat' dir='ltr'>assequebantur</span> <span class='ocrx_word' id='word_1_71' title='bbox 1147 2016 1276 2113; x_wconf 81' lang='lat'>(5).</span> <span class='ocrx_word' id='word_1_72' title='bbox 1338 2019 1513 2091; x_wconf 90' lang='lat' dir='ltr'>Inde</span> <span class='ocrx_word' id='word_1_73' title='bbox 1561 2026 1794 2111; x_wconf 86' lang='lat' dir='ltr'>patet,</span> <span class='ocrx_word' id='word_1_74' title='bbox 1854 2014 2329 2111; x_wconf 88' lang='lat' dir='ltr'>primipilatui</span> <span class='ocrx_word' id='word_1_75' title='bbox 2378 2024 2649 2109; x_wconf 85' lang='lat' dir='ltr'>protoe-</span> 
     </span>
     <span class='ocr_line' id='line_1_14' title="bbox 517 2145 1939 2236; baseline 0.001 -18"><span class='ocrx_word' id='word_1_76' title='bbox 517 2146 771 2218; x_wconf 90' lang='lat' dir='ltr'>toriam</span> <span class='ocrx_word' id='word_1_77' title='bbox 813 2145 1230 2236; x_wconf 81' lang='lat' dir='ltr'>dignitatem</span> <span class='ocrx_word' id='word_1_78' title='bbox 1271 2152 1624 2235; x_wconf 80' lang='lat' dir='ltr'>aequatam</span> <span class='ocrx_word' id='word_1_79' title='bbox 1665 2145 1939 2220; x_wconf 81' lang='lat' dir='ltr'>fuisse..</span> 
     </span>
    </p>

    <p class='ocr_par' dir='ltr' id='par_1_5' title="bbox 513 2269 2651 3107">
     <span class='ocr_line' id='line_1_15' title="bbox 616 2269 2650 2361; baseline -0.001 -19"><span class='ocrx_word' id='word_1_80' title='bbox 616 2269 1105 2361; x_wconf 90' lang='lat' dir='ltr'>Primipilatus</span> <span class='ocrx_word' id='word_1_81' title='bbox 1143 2277 1266 2341; x_wconf 91' lang='lat' dir='ltr'>aut</span> <span class='ocrx_word' id='word_1_82' title='bbox 1304 2270 1581 2361; x_wconf 91' lang='lat' dir='ltr'>primus</span> <span class='ocrx_word' id='word_1_83' title='bbox 1620 2271 1977 2341; x_wconf 87' lang='lat' dir='ltr'>honorum</span> <span class='ocrx_word' id='word_1_84' title='bbox 2007 2276 2130 2341; x_wconf 91' lang='lat' dir='ltr'>aut</span> <span class='ocrx_word' id='word_1_85' title='bbox 2164 2269 2462 2341; x_wconf 91' lang='lat' dir='ltr'>ultimus</span> <span class='ocrx_word' id='word_1_86' title='bbox 2494 2288 2650 2340; x_wconf 94' lang='lat' dir='ltr'>mu-</span> 
     </span>
     <span class='ocr_line' id='line_1_16' title="bbox 515 2393 2647 2475; baseline -0.001 -10"><span class='ocrx_word' id='word_1_87' title='bbox 515 2412 766 2471; x_wconf 89' lang='lat' dir='ltr'>nerum</span> <span class='ocrx_word' id='word_1_88' title='bbox 794 2393 1214 2465; x_wconf 90' lang='lat' dir='ltr'>militarium</span> <span class='ocrx_word' id='word_1_89' title='bbox 1240 2393 1681 2465; x_wconf 85' lang='lat' dir='ltr'>habebatur:</span> <span class='ocrx_word' id='word_1_90' title='bbox 1711 2412 2038 2475; x_wconf 90' lang='lat' dir='ltr'>summus</span> <span class='ocrx_word' id='word_1_91' title='bbox 2057 2393 2333 2465; x_wconf 81' lang='lat' dir='ltr'>militiae</span> <span class='ocrx_word' id='word_1_92' title='bbox 2360 2393 2647 2465; x_wconf 91' lang='lat' dir='ltr'>illorum</span> 
     </span>
     <span class='ocr_line' id='line_1_17' title="bbox 515 2518 2651 2611; baseline -0 -22"><span class='ocrx_word' id='word_1_93' title='bbox 515 2518 775 2611; x_wconf 84' lang='lat' dir='ltr'>gradus</span> <span class='ocrx_word' id='word_1_94' title='bbox 815 2525 966 2608; x_wconf 86' lang='lat' dir='ltr'>erat</span> <span class='ocrx_word' id='word_1_95' title='bbox 1016 2519 1139 2608; x_wconf 92' lang='lat' dir='ltr'>qui</span> <span class='ocrx_word' id='word_1_96' title='bbox 1190 2536 1427 2608; x_wconf 92' lang='lat' dir='ltr'>neque</span> <span class='ocrx_word' id='word_1_97' title='bbox 1476 2519 1663 2590; x_wconf 89' lang='lat' dir='ltr'>inter</span> <span class='ocrx_word' id='word_1_98' title='bbox 1712 2518 2150 2590; x_wconf 80' lang='lat' dir='ltr'>clarissimos</span> <span class='ocrx_word' id='word_1_99' title='bbox 2190 2536 2427 2608; x_wconf 89' lang='lat' dir='ltr'>neque</span> <span class='ocrx_word' id='word_1_100' title='bbox 2464 2518 2651 2589; x_wconf 91' lang='lat' dir='ltr'>inter</span> 
     </span>
     <span class='ocr_line' id='line_1_18' title="bbox 516 2640 2649 2737; baseline -0.002 -21"><span class='ocrx_word' id='word_1_101' title='bbox 516 2642 795 2733; x_wconf 89' lang='lat' dir='ltr'>equites</span> <span class='ocrx_word' id='word_1_102' title='bbox 834 2660 1169 2715; x_wconf 89' lang='lat' dir='ltr'>romanos</span> <span class='ocrx_word' id='word_1_103' title='bbox 1208 2643 1799 2715; x_wconf 89' lang='lat' dir='ltr'>numerabantur.</span> <span class='ocrx_word' id='word_1_104' title='bbox 1849 2641 2335 2734; x_wconf 89' lang='lat' dir='ltr'>Primipilatus</span> <span class='ocrx_word' id='word_1_105' title='bbox 2377 2640 2649 2737; x_wconf 89' lang='lat' dir='ltr'>(quem-</span> 
     </span>
     <span class='ocr_line' id='line_1_19' title="bbox 514 2765 2649 2861; baseline -0.001 -20"><span class='ocrx_word' id='word_1_106' title='bbox 514 2769 902 2841; x_wconf 86' lang='lat' dir='ltr'>admodum</span> <span class='ocrx_word' id='word_1_107' title='bbox 961 2770 1386 2860; x_wconf 87' lang='lat' dir='ltr'>proteotoria</span> <span class='ocrx_word' id='word_1_108' title='bbox 1425 2765 1770 2861; x_wconf 85' lang='lat' dir='ltr'>dignitas)</span> <span class='ocrx_word' id='word_1_109' title='bbox 1817 2767 2148 2840; x_wconf 90' lang='lat' dir='ltr'>militiam</span> <span class='ocrx_word' id='word_1_110' title='bbox 2202 2769 2410 2857; x_wconf 92' lang='lat' dir='ltr'>quasi</span> <span class='ocrx_word' id='word_1_111' title='bbox 2454 2786 2649 2839; x_wconf 85' lang='lat' dir='ltr'>eoro-</span> 
     </span>
     <span class='ocr_line' id='line_1_20' title="bbox 513 2889 2640 2987; baseline -0 -24"><span class='ocrx_word' id='word_1_112' title='bbox 513 2894 734 2965; x_wconf 90' lang='lat' dir='ltr'>nabat</span> <span class='ocrx_word' id='word_1_113' title='bbox 768 2917 785 2963; x_wconf 73' lang='grc' dir='ltr'><strong><em>ε</em></strong></span> <span class='ocrx_word' id='word_1_114' title='bbox 823 2892 978 2966; x_wconf 91' lang='lat' dir='ltr'>dies</span> <span class='ocrx_word' id='word_1_115' title='bbox 1017 2911 1159 2983; x_wconf 94' lang='lat' dir='ltr'>quo</span> <span class='ocrx_word' id='word_1_116' title='bbox 1201 2893 1365 2983; x_wconf 92' lang='lat' dir='ltr'>quis</span> <span class='ocrx_word' id='word_1_117' title='bbox 1402 2893 1680 2984; x_wconf 92' lang='lat' dir='ltr'>primus</span> <span class='ocrx_word' id='word_1_118' title='bbox 1721 2892 1915 2984; x_wconf 93' lang='lat' dir='ltr'>pilus</span> <span class='ocrx_word' id='word_1_119' title='bbox 1962 2891 2096 2987; x_wconf 89' lang='lat' dir='ltr'>(ita</span> <span class='ocrx_word' id='word_1_120' title='bbox 2133 2899 2212 2965; x_wconf 91' lang='lat' dir='ltr'>ut</span> <span class='ocrx_word' id='word_1_121' title='bbox 2257 2889 2640 2984; x_wconf 80' lang='lat' dir='ltr'>protector)</span> 
     </span>
     <span class='ocr_line' id='line_1_21' title="bbox 515 3011 2397 3107; baseline -0.001 -19"><span class='ocrx_word' id='word_1_122' title='bbox 515 3015 759 3100; x_wconf 89' lang='lat' dir='ltr'>fiebat,</span> <span class='ocrx_word' id='word_1_123' title='bbox 815 3043 846 3080; x_wconf 74' lang='grc' dir='ltr'><strong><em>α</em></strong></span> <span class='ocrx_word' id='word_1_124' title='bbox 887 3015 1043 3090; x_wconf 93' lang='lat' dir='ltr'>dies</span> <span class='ocrx_word' id='word_1_125' title='bbox 1084 3016 1727 3089; x_wconf 82' lang='lat' dir='ltr'>consummationis</span> <span class='ocrx_word' id='word_1_126' title='bbox 1770 3043 1801 3080; x_wconf 66' lang='lat' dir='ltr'>n</span> <span class='ocrx_word' id='word_1_127' title='bbox 1853 3017 2236 3088; x_wconf 80' lang='lat' dir='ltr'>vocabatur</span> <span class='ocrx_word' id='word_1_128' title='bbox 2268 3011 2397 3107; x_wconf 88' lang='lat'><strong>(6).</strong></span> 
     </span>
    </p>
   </div>
   <div class='ocr_carea' id='block_1_4' title="bbox 514 3351 2650 3568">
    <p class='ocr_par' dir='ltr' id='par_1_6' title="bbox 514 3351 2650 3568">
     <span class='ocr_line' id='line_1_22' title="bbox 613 3351 2648 3444; baseline -0 -22"><span class='ocrx_word' id='word_1_129' title='bbox 613 3351 702 3423; x_wconf 89' lang='lat' dir='ltr'>At</span> <span class='ocrx_word' id='word_1_130' title='bbox 740 3353 802 3424; x_wconf 94' lang='lat' dir='ltr'>si</span> <span class='ocrx_word' id='word_1_131' title='bbox 841 3351 1251 3444; x_wconf 91' lang='lat' dir='ltr'>primipilus</span> <span class='ocrx_word' id='word_1_132' title='bbox 1293 3352 1667 3424; x_wconf 88' lang='lat' dir='ltr'>honestam</span> <span class='ocrx_word' id='word_1_133' title='bbox 1708 3352 2130 3424; x_wconf 90' lang='lat' dir='ltr'>missionem</span> <span class='ocrx_word' id='word_1_134' title='bbox 2172 3358 2478 3433; x_wconf 84' lang='lat' dir='ltr'>recusat,</span> <span class='ocrx_word' id='word_1_135' title='bbox 2516 3352 2648 3422; x_wconf 91' lang='lat' dir='ltr'>mi-</span> 
     </span>
     <span class='ocr_line' id='line_1_23' title="bbox 514 3459 2650 3568; baseline 0.001 -23"><span class='ocrx_word' id='word_1_136' title='bbox 514 3473 720 3546; x_wconf 89' lang='lat' dir='ltr'>litare</span> <span class='ocrx_word' id='word_1_137' title='bbox 756 3459 1195 3568; x_wconf 85' lang='lat' dir='ltr'>perseverat,</span> <span class='ocrx_word' id='word_1_138' title='bbox 1239 3476 1346 3550; x_wconf 91' lang='lat' dir='ltr'>illi</span> <span class='ocrx_word' id='word_1_139' title='bbox 1385 3474 1820 3568; x_wconf 87' lang='lat' dir='ltr'>principium</span> <span class='ocrx_word' id='word_1_140' title='bbox 1862 3476 2217 3548; x_wconf 89' lang='lat' dir='ltr'>honorum</span> <span class='ocrx_word' id='word_1_141' title='bbox 2258 3475 2650 3568; x_wconf 89' lang='lat' dir='ltr'>primipila-</span> 
     </span>
    </p>
   </div>
   <div class='ocr_carea' id='block_1_5' title="bbox 512 3859 2645 4459">
    <p class='ocr_par' dir='ltr' id='par_1_7' title="bbox 577 3859 2613 3926">
     <span class='ocr_line' id='line_1_24' title="bbox 577 3859 2613 3926; baseline 0 -15"><span class='ocrx_word' id='word_1_142' title='bbox 577 3860 647 3924; x_wconf 88' lang='lat'>(1)</span> <span class='ocrx_word' id='word_1_143' title='bbox 677 3859 846 3921; x_wconf 83' lang='lat' dir='ltr'>Quem</span> <span class='ocrx_word' id='word_1_144' title='bbox 873 3861 1074 3911; x_wconf 77' lang='lat' dir='ltr'>ordinem</span> <span class='ocrx_word' id='word_1_145' title='bbox 1100 3860 1284 3913; x_wconf 60' lang='lat' dir='ltr'>militiai</span> <span class='ocrx_word' id='word_1_146' title='bbox 1312 3861 1548 3912; x_wconf 81' lang='lat' dir='ltr'>decursum</span> <span class='ocrx_word' id='word_1_147' title='bbox 1577 3865 1771 3914; x_wconf 81' lang='lat' dir='ltr'>vocant</span> <span class='ocrx_word' id='word_1_148' title='bbox 1797 3863 2157 3926; x_wconf 80' lang='lat' dir='ltr'>imperatoreS,</span> <span class='ocrx_word' id='word_1_149' title='bbox 2184 3861 2232 3913; x_wconf 85' lang='lat' dir='ltr'>G.</span> <span class='ocrx_word' id='word_1_150' title='bbox 2266 3862 2353 3925; x_wconf 63' lang='lat' dir='ltr'>th„</span> <span class='ocrx_word' id='word_1_151' title='bbox 2379 3859 2433 3923; x_wconf 91' lang='lat'>7,</span> <span class='ocrx_word' id='word_1_152' title='bbox 2457 3861 2536 3923; x_wconf 71' lang='lat'>⁴21,</span> <span class='ocrx_word' id='word_1_153' title='bbox 2571 3860 2613 3912; x_wconf 81' lang='lat' dir='ltr'>t.</span> 
     </span>
    </p>

    <p class='ocr_par' dir='ltr' id='par_1_8' title="bbox 577 3949 2470 4014">
     <span class='ocr_line' id='line_1_25' title="bbox 577 3949 2470 4014; baseline 0.002 -15"><span class='ocrx_word' id='word_1_154' title='bbox 577 3949 646 4013; x_wconf 79' lang='lat'>(2)</span> <span class='ocrx_word' id='word_1_155' title='bbox 674 3949 866 4011; x_wconf 88' lang='lat' dir='ltr'>Orelli,</span> <span class='ocrx_word' id='word_1_156' title='bbox 895 3949 1011 4001; x_wconf 84' lang='lat'>3391</span> <span class='ocrx_word' id='word_1_157' title='bbox 1035 3971 1047 4008; x_wconf 87' lang='lat'>;</span> <span class='ocrx_word' id='word_1_158' title='bbox 1076 3951 1146 4001; x_wconf 84' lang='lat' dir='ltr'>cf.</span> <span class='ocrx_word' id='word_1_159' title='bbox 1173 3965 1225 4014; x_wconf 90' lang='lat' dir='ltr'>p.</span> <span class='ocrx_word' id='word_1_160' title='bbox 1255 3950 1330 4007; x_wconf 85' lang='lat'>40.</span> <span class='ocrx_word' id='word_1_161' title='bbox 1364 3966 1416 4001; x_wconf 90' lang='lat' dir='ltr'>n.</span> <span class='ocrx_word' id='word_1_162' title='bbox 1447 3950 1495 4001; x_wconf 76' lang='lat'>2.</span> <span class='ocrx_word' id='word_1_163' title='bbox 2465 3961 2470 3966; x_wconf 85' lang='lat'><strong><em>‘</em></strong></span> 
     </span>
    </p>

    <p class='ocr_par' dir='ltr' id='par_1_9' title="bbox 512 4035 2645 4191">
     <span class='ocr_line' id='line_1_26' title="bbox 575 4035 2645 4105; baseline 0 -18"><span class='ocrx_word' id='word_1_164' title='bbox 575 4037 648 4102; x_wconf 76' lang='lat'>(3)</span> <span class='ocrx_word' id='word_1_165' title='bbox 673 4035 754 4088; x_wconf 79' lang='lat' dir='ltr'>Cf.</span> <span class='ocrx_word' id='word_1_166' title='bbox 789 4037 1113 4101; x_wconf 84' lang='lat' dir='ltr'>Mommsen,</span> <span class='ocrx_word' id='word_1_167' title='bbox 1139 4040 1253 4103; x_wconf 78' lang='lat' dir='ltr'>Eph.</span> <span class='ocrx_word' id='word_1_168' title='bbox 1284 4052 1375 4103; x_wconf 67' lang='lat' dir='ltr'>ep„</span> <span class='ocrx_word' id='word_1_169' title='bbox 1407 4039 1507 4101; x_wconf 84' lang='lat' dir='ltr'>1V,</span> <span class='ocrx_word' id='word_1_170' title='bbox 1541 4056 1591 4105; x_wconf 89' lang='lat' dir='ltr'>p.</span> <span class='ocrx_word' id='word_1_171' title='bbox 1619 4039 1730 4102; x_wconf 74' lang='lat'><strong>239,</strong></span> <span class='ocrx_word' id='word_1_172' title='bbox 1762 4054 1829 4091; x_wconf 83' lang='lat' dir='ltr'>ex</span> <span class='ocrx_word' id='word_1_173' title='bbox 1862 4039 2144 4098; x_wconf 85' lang='lat' dir='ltr'>Frontin0‚</span> <span class='ocrx_word' id='word_1_174' title='bbox 2173 4040 2343 4097; x_wconf 63' lang='lat' dir='ltr'>Strui..</span> <span class='ocrx_word' id='word_1_175' title='bbox 2386 4038 2495 4099; x_wconf 79' lang='lat' dir='ltr'>t,.5</span> <span class='ocrx_word' id='word_1_176' title='bbox 2514 4075 2527 4100; x_wconf 92' lang='lat'><strong>,</strong></span> <span class='ocrx_word' id='word_1_177' title='bbox 2552 4037 2613 4091; x_wconf 73' lang='lat'>12</span> <span class='ocrx_word' id='word_1_178' title='bbox 2632 4076 2645 4101; x_wconf 84' lang='lat'><em>,</em></span> 
     </span>
     <span class='ocr_line' id='line_1_27' title="bbox 512 4128 832 4191; baseline 0 -14"><span class='ocrx_word' id='word_1_179' title='bbox 512 4128 832 4191; x_wconf 87' lang='lat' dir='ltr'>loquentem.</span> 
     </span>
    </p>

    <p class='ocr_par' dir='ltr' id='par_1_10' title="bbox 575 4215 1102 4281">
     <span class='ocr_line' id='line_1_28' title="bbox 575 4215 1102 4281; baseline 0.004 -16"><span class='ocrx_word' id='word_1_180' title='bbox 575 4216 647 4281; x_wconf 85' lang='lat'>(4)</span> <span class='ocrx_word' id='word_1_181' title='bbox 674 4215 885 4276; x_wconf 83' lang='lat' dir='ltr'>Gruter,</span> <span class='ocrx_word' id='word_1_182' title='bbox 917 4217 1028 4280; x_wconf 87' lang='grc'><strong>530,</strong></span> <span class='ocrx_word' id='word_1_183' title='bbox 1055 4216 1102 4267; x_wconf 87' lang='grc'>9.</span> 
     </span>
    </p>

    <p class='ocr_par' dir='ltr' id='par_1_11' title="bbox 576 4303 2332 4370">
     <span class='ocr_line' id='line_1_29' title="bbox 576 4303 2332 4370; baseline 0 -15"><span class='ocrx_word' id='word_1_184' title='bbox 576 4304 647 4369; x_wconf 86' lang='grc'>(5)</span> <span class='ocrx_word' id='word_1_185' title='bbox 679 4303 1014 4367; x_wconf 84' lang='lat' dir='ltr'>Wilmanns,</span> <span class='ocrx_word' id='word_1_186' title='bbox 1050 4305 1186 4369; x_wconf 82' lang='lat'><strong>1597,</strong></span> <span class='ocrx_word' id='word_1_187' title='bbox 1224 4305 1373 4369; x_wconf 77' lang='lat'>15983</span> <span class='ocrx_word' id='word_1_188' title='bbox 1401 4305 1636 4369; x_wconf 87' lang='lat' dir='ltr'>Henzen,</span> <span class='ocrx_word' id='word_1_189' title='bbox 1667 4305 1819 4370; x_wconf 79' lang='lat'><strong>67673</strong></span> <span class='ocrx_word' id='word_1_190' title='bbox 1849 4306 1900 4357; x_wconf 89' lang='lat' dir='ltr'>G.</span> <span class='ocrx_word' id='word_1_191' title='bbox 1932 4308 1967 4356; x_wconf 86' lang='lat' dir='ltr'>i.</span> <span class='ocrx_word' id='word_1_192' title='bbox 2001 4308 2055 4368; x_wconf 69' lang='lat'>1„</span> <span class='ocrx_word' id='word_1_193' title='bbox 2089 4307 2160 4368; x_wconf 92' lang='lat'>11,</span> <span class='ocrx_word' id='word_1_194' title='bbox 2190 4303 2332 4357; x_wconf 82' lang='lat'>4461.</span> 
     </span>
    </p>

    <p class='ocr_par' dir='ltr' id='par_1_12' title="bbox 581 4392 2586 4459">
     <span class='ocr_line' id='line_1_30' title="bbox 581 4392 2586 4459; baseline 0.001 -16"><span class='ocrx_word' id='word_1_195' title='bbox 581 4392 652 4456; x_wconf 89' lang='lat'>(6)</span> <span class='ocrx_word' id='word_1_196' title='bbox 680 4392 900 4456; x_wconf 82' lang='lat' dir='ltr'>Marini,</span> <span class='ocrx_word' id='word_1_197' title='bbox 933 4393 1135 4452; x_wconf 74' lang='grc' dir='ltr'>Ανυαῑὶ,</span> <span class='ocrx_word' id='word_1_198' title='bbox 1166 4395 1260 4446; x_wconf 80' lang='lat'>629</span> <span class='ocrx_word' id='word_1_199' title='bbox 1288 4393 1333 4448; x_wconf 91' lang='grc' dir='ltr'><strong><em>Β</em></strong></span> <span class='ocrx_word' id='word_1_200' title='bbox 1362 4414 1423 4441; x_wconf 92' lang='lat'>=</span> <span class='ocrx_word' id='word_1_201' title='bbox 1451 4394 1737 4459; x_wconf 65' lang='lat' dir='ltr'>Numitori,</span> <span class='ocrx_word' id='word_1_202' title='bbox 1767 4395 1890 4459; x_wconf 84' lang='lat'><strong>799,</strong></span> <span class='ocrx_word' id='word_1_203' title='bbox 1920 4395 1952 4447; x_wconf 87' lang='grc'>6</span> <span class='ocrx_word' id='word_1_204' title='bbox 1979 4414 2041 4441; x_wconf 83' lang='grc'>·---</span> <span class='ocrx_word' id='word_1_205' title='bbox 2070 4395 2121 4448; x_wconf 85' lang='lat' dir='ltr'>G.</span> <span class='ocrx_word' id='word_1_206' title='bbox 2152 4396 2187 4445; x_wconf 81' lang='lat' dir='ltr'>i.</span> <span class='ocrx_word' id='word_1_207' title='bbox 2219 4395 2275 4457; x_wconf 70' lang='lat'>1..</span> <span class='ocrx_word' id='word_1_208' title='bbox 2306 4392 2412 4458; x_wconf 86' lang='lat' dir='ltr'>VI,</span> <span class='ocrx_word' id='word_1_209' title='bbox 2446 4393 2586 4448; x_wconf 82' lang='lat'>3580.</span> 
     </span>
    </p>
   </div>
  </div>
 </body>
</html>
