3488 5421
1755 648 1833 660 .-
1872 614 1947 676 86
1991 644 2073 662 ..

850 754 984 827 etsi
1055 761 1342 826 vocetur
1406 771 1644 826 comes
1723 751 2274 826 domesticorum
2306 807 2324 835 ,
2387 754 2674 845 utrique
2741 752 2976 826 ordini

849 877 1317 970 praeponitur.
1386 880 1548 950 Haec
1616 878 1947 951 comitiva
2013 877 2406 951 secundum
2472 878 2549 950 in
2623 878 2978 951 honorum

855 1002 1273 1075 militarium
1343 1021 1556 1074 cursu
1624 1004 1857 1075 locum
1921 1002 2199 1076 obtinet
2231 1058 2250 1085 ,
2325 1001 2652 1094 quamvis
2717 1000 2982 1094 saepius

853 1129 1087 1221 prima
1126 1129 1498 1202 habeatur.

951 1253 1036 1325 V.
1078 1252 1222 1345 Ipsi
1260 1259 1694 1344 protectores
1732 1251 1837 1348 (at
1874 1271 2020 1325 non
2060 1253 2230 1325 olim
2270 1253 2548 1344 equites
2587 1252 2984 1344 singulares

858 1378 1338 1469 Germanique
1400 1378 1717 1470 corporis
1774 1374 2140 1472 custodes)
2203 1377 2436 1449 locum
2502 1376 2579 1448 in
2630 1378 2982 1449 honorum

857 1521 1098 1585 cursu,
1141 1506 1211 1575 et
1247 1520 1395 1574 non
1430 1502 1963 1594 aspernandum
2006 1500 2322 1592 quidem,
2370 1501 2664 1574 habent.
2711 1502 2985 1572 Protec-

860 1626 1037 1699 toris
1076 1626 1269 1698 enirn
1311 1626 1620 1717 dignitas
1666 1644 1798 1716 par
1833 1624 2301 1716 primipilatui
2344 1631 2453 1698 est
2497 1649 2514 1696 ε
2557 1623 2988 1697 centurioni-

862 1749 1000 1821 bus
1067 1749 1452 1822 ordinariis
1519 1749 1981 1841 anteponitur
2058 1755 2450 1840 protector,
2537 1748 2992 1841 postponitur

864 1873 1175 1946 tribunis
1217 1874 1605 1965 legionum.
1730 1968 1743 1977 ὁ
2146 1878 2152 1884 ’

960 1998 1079 2069 VI.
1115 2000 1347 2084 Quum
1387 1998 1558 2071 olim
1589 2000 1844 2071 ultima
1869 1999 2196 2093 plerique
2229 1999 2494 2074 milites
2527 1999 2887 2092 stipendia
2914 2006 2995 2072 ut

868 2122 1239 2216 primipili,
1277 2124 1510 2215 prima
1538 2124 1839 2215 juvenes
1869 2124 2246 2197 clarissimi
2287 2106 2369 2198 ut
2402 2125 2704 2208 tribuni,
2737 2126 2813 2196 in
2845 2143 2993 2196 cas-

868 2249 998 2320 tris
1038 2247 1453 2340 reipublicae
1489 2248 1907 2334 servienteS,
1950 2256 2418 2331 mererentur,
2462 2268 2659 2323 nunc
2693 2255 2762 2323 et
2799 2248 2990 2321 mili-

872 2380 978 2446 tes
1020 2379 1089 2445 et
1120 2373 1422 2464 juvenes
1459 2373 1742 2445 nobiles
1783 2372 2001 2445 simul
2040 2381 2120 2447 ut
2164 2382 2598 2466 protectores
2637 2373 2821 2447 circa
2856 2372 2992 2445 im-

869 2504 1267 2591 peratorem
1317 2499 1395 2570 in
1443 2498 1709 2591 palatio
1763 2497 2076 2571 militant
2127 2522 2144 2570 2
2188 2504 2554 2590 protegere
2601 2496 2997 2591 principem

870 2621 1228 2715 praecipua
1266 2620 1524 2695 militia
1561 2628 1694 2695 est.

966 2746 1117 2818 Vll.
1161 2747 1272 2829 At,
1319 2746 1452 2819 etsi
1492 2746 1825 2820 custodes
1858 2746 2233 2839 principis,
2268 2747 2354 2821 ad
2394 2746 2683 2838 publica
2713 2765 3004 2839 quoque

873 2869 1157 2961 negotia
1194 2870 1630 2963 deputantur
1666 2878 2100 2964 protectores
2126 2927 2144 2953 ‚
2204 2891 2367 2962 quae
2417 2872 2700 2964 augusti
2741 2889 2999 2946 secun-

877 2995 1046 3067 dum
1088 2994 1464 3068 arbitrium
1512 3002 1844 3071 tractent.

973 3119 1156 3191 VIII.
1202 3120 1355 3206 Quo
1400 3125 1720 3212 tempore
1774 3121 2189 3196 monarchia
2240 3139 2571 3204 romana,
2616 3121 2752 3194 sub
2793 3123 3008 3192 Hera-

879 3245 1014 3317 clio
1040 3299 1058 3327 ,
1102 3244 1177 3316 in
1218 3245 1579 3335 quoddam
1630 3245 2105 3320 sacerdotium
2156 3246 2697 3329 immutabatur,
2742 3244 3008 3318 sublati

882 3375 1053 3441 sunt
1088 3375 1547 3459 protectores.
1584 3373 1738 3457 Quo
1774 3377 2092 3464 tempore
2128 3371 2574 3464 principatus
2612 3371 2689 3443 in
2727 3388 3012 3443 monar-

883 3492 1115 3566 chiam
1154 3492 1520 3585 gliscebat,
1549 3503 1889 3588 regnante
1919 3496 2305 3582 Gordiano,
2331 3501 2766 3588 protectores
2796 3494 3012 3568 creati

884 3624 1095 3699 sunt;
1159 3618 1260 3691 ita
1324 3626 1403 3691 ut
1464 3618 1752 3693 illorum
1801 3620 2104 3694 historia
2154 3628 2304 3694 tota
2353 3621 2718 3694 adhaereat
2763 3620 2892 3692 uni
2943 3625 3014 3690 et

887 3759 1163 3833 magnae
1214 3742 1498 3836 imperii
1556 3744 1833 3817 romani
1898 3744 2133 3830 aetati,
2202 3746 2408 3838 cujus
2473 3763 2634 3820 cum
2689 3743 3016 3818 moribus

885 3867 1117 3957 ipsam
1158 3866 1356 3942 illius
1391 3869 1668 3945 militiae
1705 3876 2034 3945 naturam
2076 3869 2254 3945 mire
2288 3868 2694 3946 consentire
2730 3866 3012 3962 perspi-

886 4010 1096 4066 cuum
1138 3999 1271 4069 est.

3343 5071 3441 5333 ha*
3437 4697 3440 5032 stssm„
3439 4461 3440 4466 2
