3488 5421
1331 634 1529 699 -67
1571 670 1659 699 -.-.

423 773 861 865 justinianeo
892 771 1443 857 secundicerius,
1487 775 1640 865 qui,
1675 774 1760 847 in
1806 791 2078 851 annum
2118 792 2343 848 unum
2384 777 2558 849 elec-

432 905 572 980 tus,
614 917 806 971 anno
846 899 1179 989 sequenti
1216 898 1668 990 primicerius
1706 897 1925 973 fiebat
1966 897 2094 993 (1).

525 1020 1007 1094 Primicerius
1044 1030 1154 1095 est
1197 1049 1229 1088 ‹
1269 1030 1750 1114 protectorum
1787 1022 1935 1117 (aut
1972 1023 2549 1120 domesticorum)

434 1145 705 1220 ordinis
768 1149 1045 1239 primus
1107 1144 1205 1242 (2)
1266 1175 1299 1213 ι»
1337 1202 1356 1232 ,
1415 1147 1508 1221 ad
1573 1174 1605 1213 ‹
1666 1167 1819 1222 suae
1880 1147 2249 1241 dignitatis
2308 1149 2555 1223 termi-

434 1291 602 1343 num
649 1269 744 1366 (5)
801 1299 832 1336 ι
884 1279 1193 1346 evectuS.
1270 1272 1726 1348 Primicerius
1796 1272 2348 1348 domesticorum
2409 1281 2567 1347 erat.

432 1396 794 1482 JovianuS,
839 1416 1061 1488 quum
1101 1397 1482 1489 imperium
1523 1398 1818 1489 accepit.

527 1524 745 1595 Nemo
810 1522 1369 1622 primiceriatum
1424 1521 1698 1595 diutius
1743 1541 1959 1613 quam
2010 1542 2284 1596 annum
2331 1543 2556 1598 unum

433 1646 799 1721 exercebat
857 1644 986 1740 (4).
1039 1646 1249 1721 Anno
1305 1653 1550 1720 exacto
1575 1700 1592 1730 ,
1645 1647 2095 1737 primicerius
2150 1648 2558 1725 succedenti

431 1771 905 1863 decemprimo
994 1781 1118 1844 aut
1202 1771 1691 1846 secundicerio
1766 1773 1998 1845 locum
2074 1773 2552 1862 relinquebat.

429 1896 632 1985 Tum,
673 1902 754 1967 ut
785 1896 1150 1981 tribunuS,
1188 1915 1489 1969 numero
1525 1897 1810 1970 cuidam
1850 1897 2374 1988 praeficiebatur
2409 1920 2427 1971 ε
2470 1915 2558 1970 ex

427 2018 827 2109 primicerio
876 2020 1249 2092 tribunum
1297 2020 1559 2094 factum
1615 2038 1777 2095 esse
1824 2022 2286 2095 Valentinum
2340 2020 2560 2094 tradit

426 2141 844 2216 Ammianus
901 2142 1031 2238 (5).
1091 2146 1195 2226 lta
1247 2145 1339 2216 ab
1397 2145 1830 2238 Hieronymo
1892 2147 2068 2219 ordo
2131 2145 2560 2221 describitur

426 2286 552 2358 per
577 2286 791 2358 quem
821 2268 1159 2341 tribunus
1190 2275 1379 2343 retro
1409 2269 1638 2354 cedat,
1676 2277 1755 2342 ut
1784 2290 2036 2343 rursus
2065 2271 2202 2343 tiro
2233 2269 2360 2343 fiat
2395 2267 2489 2364 (6)
2533 2295 2551 2341 z

439 2418 470 2456 ι
506 2393 872 2484 Numquid
909 2413 995 2466 ex
1032 2395 1325 2467 tribuno
1365 2396 1606 2467 statim
1648 2395 1730 2467 fit
1767 2393 1957 2466 tiro?
1994 2413 2182 2482 non,
2226 2394 2355 2469 sed
2392 2400 2558 2468 ante

414 2516 920 2609 primicerius,
965 2518 1227 2593 deinde
1263 2525 1550 2590 senator
1593 2516 2201 2614 (decemprimus),
2242 2517 2554 2590 ducena-

423 2640 578 2712 rius
627 2641 1025 2739 (protector)
1073 2670 1106 2708 ι»
1129 2698 1147 2716 .
1205 2646 1460 2718 Postea
1495 2643 1829 2718 videntur
1874 2645 2087 2717 etiam
2129 2642 2569 2735 primiceriis.

426 2766 872 2840 tribunitiam
927 2768 1344 2860 dignitatem
1400 2768 1793 2855 contulisse
1852 2770 2317 2861 imperatores
2361 2793 2380 2839 ε
2431 2769 2558 2842 tri-

425 2890 604 2964 buni
678 2896 850 2964 sunt
919 2899 1264 2983 tanquam
1342 2893 1753 2975 honorarii,
1835 2912 2071 2984 neque
2140 2894 2580 2985 simpliciter·

428 3014 726 3101 tribuni,
769 3015 898 3089 sed
927 3016 1141 3089 etiam
1180 3017 1815 3112 (quemadmodum
1857 3019 2265 3096 scholarum
2303 3019 2583 3111 palati-·

429 3158 682 3212 narum
713 3142 1081 3234 praepositi
1121 3149 1245 3214 aut
1281 3139 1580 3236 tribuni)
1631 3138 1728 3235 (7)
1760 3196 1777 3225 ,
1820 3142 2071 3221 eodem
2118 3144 2269 3216 loco
2306 3160 2389 3213 ac
2424 3142 2556 3213 viri

430 3264 851 3354 spectabiles
890 3264 1107 3337 duces
1147 3266 1507 3357 legionum
1558 3266 1987 3340 incedebant
2031 3262 2160 3359 (8).
2198 3267 2304 3337 lta
2342 3265 2577 3345 etiam.

431 3387 970 3479 spectabilitate,
992 3407 1125 3461 nec
1130 3389 1281 3479 jam
1301 3395 1581 3463 tantum
1604 3388 2085 3462 clarissimatu
2106 3388 2551 3463 fruebantur.
2574 3468 2578 3470 ,

492 3777 561 3841 (1)
588 3776 639 3828 G.
662 3780 801 3839 just„
837 3776 910 3838 12,
947 3775 1019 3832 17.
1051 3778 1081 3827 4
1108 3780 1158 3827 et
1179 3778 1226 3827 5.

492 3865 557 3931 (ἲ)
588 3866 766 3918 Amm.
797 3864 981 3928 Marc„
1008 3866 1090 3929 25,
1121 3867 1166 3928 5,
1194 3865 1242 3916 4.

497 3954 562 4017 (3)
592 3954 884 4017 Procopius
903 3990 916 4015 ,
945 3954 1016 4004 cf.
1045 3969 1096 4017 p.
1129 3953 1208 4015 64,
1235 3968 1286 4003 n.
1320 3952 1348 4003 3
1375 3974 1386 4002 :
1426 3953 1506 4014 Ἐς
1534 3956 1593 4006 τὸ
1621 3962 1762 4019 τιμῆς
1788 3955 1960 4019 πέρας.

493 4042 560 4107 (4)
590 4043 640 4094 G.
662 4046 803 4104 just„
835 4042 908 4103 12.
944 4041 1018 4100 17,
1044 4042 1074 4093 4
1102 4047 1155 4093 et
1178 4044 1227 4094 5.
1506 4093 1515 4112 ὲ
1605 4108 1609 4111 v
1853 4106 1879 4112 1,
1957 4087 1964 4110 .—

492 4132 564 4196 (5)
589 4132 766 4182 Amm.
792 4131 979 4193 Marc„
1013 4132 1090 4189 18,
1119 4132 1166 4191 3,
1196 4134 1225 4182 5
1259 4153 1270 4181 ε
1302 4134 1374 4183 Ea:
1397 4135 1655 4196 primicerio
1679 4139 1981 4202 protectorum
2012 4134 2237 4194 tribunus.
2310 4158 2313 4162 ·

490 4220 560 4285 (6)
581 4222 981 4296 Aua-mianum
1007 4220 1474 4290 hierosolymitanum.
1507 4223 1590 4285 19,
1618 4222 1701 4273 ed.
1725 4221 1907 4291 Migne
1936 4222 2133 4288 (Opera,
2164 4220 2272 4284 11),
2303 4236 2356 4286 p.
2381 4218 2519 4287 370„

497 4309 562 4374 (7)
594 4309 704 4361 Lex
731 4324 782 4361 a.
813 4310 923 4369 412,
956 4309 1005 4361 G.
1033 4311 1121 4371 tlt„
1152 4309 1385 4382 6.13,*1.
1421 4375 1430 4381 ,
1496 4339 1582 4378 ..·
1619 4361 1652 4381 Δ.
1699 4374 1705 4382 ¹

497 4398 564 4462 (8)
591 4398 699 4450 Lex
727 4414 773 4447 a.
806 4398 920 4461 432,
947 4399 998 4450 G.
1031 4400 1117 4459 th„
1141 4399 1188 4461 6,
1221 4398 1301 4462 24,
1331 4399 1405 4451 11.
