3488 5421
1346 1173 1693 1259 INDEX

524 1812 835 1862 Praetoriani
862 1814 927 1862 ab
949 1815 1296 1875 augustorum
1324 1809 1637 1861 custodibus
1670 1815 2039 1861 secernuntur.
2102 1845 2422 1862 ......
2562 1813 2578 1860 i

465 1903 504 1951 1.
543 1902 660 1962 Quo
688 1905 922 1964 tempore
949 1900 1224 1950 domestici
1253 1904 1306 1949 et
1333 1904 1659 1963 protectores
1686 1900 1920 1963 primum
1943 1901 2298 1964 apparuerint.
2339 1936 2354 1950 .
2403 1934 2418 1951 .
2555 1901 2585 1948 3

467 1990 534 2041 11.
571 1990 702 2050 Quae
732 1990 944 2039 nomina
971 1989 1359 2052 protectoribus
1388 1992 1441 2037 et
1463 1985 1771 2038 domesticis
1798 1989 2220 2051 imponerentur.
2281 2024 2294 2038 .
2343 2023 2359 2040 .
2409 2026 2422 2040 .
2530 1991 2586 2039 14

464 2078 558 2129 111.
596 2078 726 2138 Quae
755 2081 1113 2142 protectorum
1141 2078 1443 2127 functiones
1467 2082 1642 2126 essent
1651 2112 2419 2129 .............
2521 2079 2582 2130 24

469 2167 562 2218 IV.
600 2168 767 2228 Quem
795 2167 1016 2231 gradum
1047 2168 1100 2215 in
1130 2166 1442 2216 militarium
1479 2167 1739 2216 honorum
1787 2181 1950 2216 cursu
1989 2170 2293 2217 obtinerent
2332 2168 2431 2217 do-

590 2256 795 2305 mestici
825 2258 877 2305 et
905 2259 1260 2319 protectores3
1303 2255 1498 2318 quibus
1533 2255 1812 2318 stipendiis
1854 2261 1907 2305 et
1949 2255 2242 2319 privilegiis
2282 2258 2431 2306 frue-

591 2350 773 2393 rentur
778 2377 2428 2396 ...........................
2532 2347 2591 2395 35

532 2433 608 2482 De
636 2434 900 2483 veteranis
926 2449 993 2484 ex
1025 2435 1410 2502 protectoribus
1433 2439 1523 2483 aut
1553 2449 1618 2484 ex
1648 2435 1977 2485 domesticis.
2014 2414 2052 2483 ’Ϊ
2102 2470 2428 2487 ......
2534 2436 2593 2485 49

472 2522 538 2572 V.
578 2521 652 2571 De
680 2524 974 2572 honorariis
1003 2537 1068 2572 ex
1098 2525 1485 2586 protectoribus
1511 2529 1605 2572 aut
1637 2500 2026 2586 protectoribus
2036 2558 2427 2574 .......
2534 2525 2594 2572 54

474 2612 565 2661 VI.
603 2612 878 2673 Quomodo
908 2617 1265 2675 protectorum
1301 2611 1818 2674 domesticos-umque
1857 2625 2109 2661 numerus
2144 2613 2437 2662 constitue-

599 2706 743 2751 retur
749 2734 2433 2751 ............................
2534 2702 2597 2751 60

475 2788 593 2839 VII.
628 2788 704 2839 De
730 2790 924 2839 comite
951 2789 1362 2838 domesticorum
1373 2823 2432 2840 ..................
2535 2791 2597 2840 69

476 2878 627 2928 vlu.
663 2876 772 2927 Sub
800 2880 994 2939 quibus
1027 2878 1218 2936 armiS‚
1248 2880 1345 2925 sub
1373 2892 1474 2940 qua
1506 2882 1653 2928 veste
1681 2878 1971 2927 militarent
2008 2879 2286 2928 domestici
2321 2894 2443 2943 pro-

601 2972 913 3017 tectoresve.
976 3000 2436 3018 ........................
2539 2968 2600 3017 Π

477 3054 574 3103 lx.
613 3054 728 3114 Quo
756 3060 990 3117 tempore
1019 3054 1209 3103 sublati
1236 3055 1432 3104 suerint
1460 3046 1786 3118 protectores
1796 3089 2434 3107 ...........
2539 3057 2600 3105 82

478 3144 543 3192 X.
580 3142 925 3193 Concluditur
934 3178 2436 3195 .........................
2540 3147 2599 3195 85

538 3233 880 3283 Appen-mens.
920 3234 960 3282 1.
1000 3233 1334 3282 Laterculum
1366 3233 1622 3283 comitum
1651 3232 2064 3312 domesticorum
2074 3267 2436 3284 .......
2542 3234 2600 3283 87

664 3349 723 3359 -
926 3322 996 3372 11.
1036 3322 1371 3371 Laterculum
1401 3326 1866 3371 monumentorum
1909 3324 1962 3370 in
2002 3323 2195 3385 quibus
2240 3328 2447 3387 protec-

1006 3416 1146 3460 tores
1172 3412 1543 3472 exprimuntur
1554 3443 2442 3463 ...............
2543 3413 2604 3462 94
