3488 5421
1795 611 2113 671 -52—

890 752 1225 844 praesidio
1267 753 1598 833 collocat,
1645 751 1768 840 qui
1812 723 2090 822 mittere
2137 749 2481 839 jubentur
2520 744 2612 817 ad
2649 747 3018 837 praefectos

890 876 1222 966 praetorio
1270 874 1605 946 officiales
1660 892 1871 956 suos,
1935 874 1991 944 si
2049 872 2173 962 qui
2224 872 2299 941 in
2354 878 2724 942 veteranos
2788 871 3022 942 saevie-

891 1007 1059 1073 runt
1105 998 1232 1094 (1).

988 1127 1072 1197 V.
1106 1125 1510 1198 Verisimile
1545 1131 1652 1197 est
1681 1124 2033 1196 veteranis
2066 1142 2150 1195 ex
2180 1122 2700 1213 protectoribus
2730 1122 3025 1193 adorare

894 1268 1165 1323 sacram
1207 1268 1598 1342 purpuram
1638 1249 1911 1321 licitum
1951 1247 2199 1318 fuisse.

993 1480 1334 1553 Custodia
1372 1481 1587 1573 igitur
1632 1482 2141 1572 imperatorum
2170 1534 2186 1562 ,
2231 1480 2416 1551 inter
2462 1479 2949 1552 adolescentes
2988 1499 3026 1552 e

896 1604 1269 1677 nobilitate
1316 1611 1544 1686 ortos,
1591 1605 2041 1695 superiorum
2096 1604 2637 1695 magistratuum
2688 1604 2914 1686 filios,
2960 1612 3029 1676 et

896 1729 1374 1801 intermilites
1398 1731 1547 1818 jam
1579 1718 1845 1800 multos
1876 1747 2105 1799 annos
2141 1729 2452 1799 maxima
2481 1747 2639 1798 cum
2671 1729 2885 1801 laude
2917 1749 3027 1800 ar-

898 1870 1174 1922 morum
1200 1852 1460 1923 ‘labore
1497 1852 1806 1933 functos,
1853 1852 2148 1933 delecta,
2184 1850 2368 1922 nihil
2407 1870 2727 1941 unquam
2760 1853 3026 1943 majore

784 2002 789 2007 ’
897 1978 1204 2058 honore,
1250 1976 1579 2067 pluribus
1630 1976 2021 2066 privilegiis
2060 1976 2441 2067 praeditum
2483 1977 2559 2047 in
2600 1977 3028 2048 exercitibus

898 2100 1215 2170 romanis
1254 2100 1552 2171 exstitit.
1598 2101 1978 2171 Dicebatur
2013 2099 2325 2190 diym'tas
2365 2100 2816 2193 protectoria.
2866 2102 3028 2171 Pro-

899 2230 1119 2294 tector
1156 2223 1450 2294 verbum
1498 2223 1841 2296 definitur
1888 2244 1930 2295 a
1980 2224 2201 2295 Suida
2245 2250 2260 2294 ε
2319 2252 2349 2287 «
2391 2227 2629 2297 Genus
2668 2224 3030 2315 diym'tatis

896 2346 1090 2437 apud
1127 2348 1484 2418 Romanos
1525 2345 1618 2440 (2)
1668 2375 1698 2412 n
1722 2403 1738 2418 .
1783 2350 2027 2438 Neque
2066 2350 2588 2439 protectoribus
2626 2349 2775 2420 ullo
2815 2349 3027 2421 modo

897 2471 1345 2561 praetorianae
1386 2472 1711 2544 cohortes
1750 2474 2248 2564 comparandae
2285 2481 2479 2556 sunt,
2522 2492 2743 2564 quum
2780 2474 3025 2545 nullus

897 2596 1083 2666 inter
1121 2615 1242 2667 eos
1282 2615 1429 2667 non
1471 2600 1736 2689 majore
1769 2599 1990 2691 gradu
2032 2618 2244 2690 quam
2286 2600 2740 2672 centuriones
2780 2601 3029 2691 primae

897 2720 1211 2791 cohortis
1272 2723 1624 2811 praetoriae
1689 2724 2072 2797 incederet.
2145 2727 2396 2816 Magna
2471 2745 2634 2816 pars
2708 2726 3028 2798 historiae

895 2863 1212 2916 romanae
1265 2864 1306 2914 a
1365 2846 1803 2918 Diocletiano
1868 2854 2300 2938 protectores
2365 2849 2688 2931 fuerunt,
2741 2856 3028 2940 propter

896 2970 1179 3059 negotia
1242 2970 1529 3060 publica
1589 2972 1855 3060 quibus
1931 2972 2488 3045 adhibebantur.
2561 2975 3027 3046 Protexerunt

893 3092 1316 3164 Ammianus
1356 3095 1846 3179 MarcellinuS,
1905 3096 2278 3180 Callistus,
2321 3098 2385 3169 is
2426 3077 2723 3188 'quoq-ue
2758 3098 3024 3169 Juliani

893 3219 1165 3289 amicus
1192 3225 1258 3289 et
1288 3218 1671 3291 historicus
1701 3217 1831 3314 (5).
1860 3222 2061 3294 Multi
2093 3224 2558 3314 imperatores
2586 3223 2818 3314 prima
2841 3223 3029 3294 inter

895 3341 1224 3413 custodes
1255 3344 1616 3434 stipendia
1647 3352 2100 3449 meruerunt.
2127 3348 2392 3418 Tantus
2424 3348 2655 3418 honos
2698 3347 3024 3438 dignitati
3143 3397 3146 3400 η

892 3465 1334 3554 protectoriae
1365 3466 1802 3549 adhaerebat,
1839 3475 1918 3540 ut
1949 3469 2410 3542 Constantius
2449 3490 2531 3559 ea
2567 3472 2773 3544 indui
2812 3491 3023 3562 paga-

892 3606 1026 3660 nos
1065 3597 1329 3661 vetaret
1375 3588 1503 3684 (4).
1564 3593 1638 3663 Si
1689 3593 1813 3682 qui
1863 3600 2293 3684 protectores
2344 3596 2662 3667 conciliis
2716 3595 3021 3677 adsunt,

892 3713 969 3783 in
1009 3714 1182 3786 actis
1221 3715 1713 3788 inscribuntur
1762 3714 1890 3808 (5).
1935 3719 2143 3789 Anno
2198 3722 2372 3802 581,
2419 3720 2778 3802 Tiberius,
2823 3722 3021 3791 Mau-

962 3913 1025 3975 (1)
1060 3912 1108 3963 G.
1144 3914 1230 3969 th„
1262 3913 1308 3975 7,
1341 3912 1419 3977 20,
1453 3917 1500 3965 5.

955 4000 1019 4066 (2)
1052 4001 1266 4060 SuidaS,
1301 4012 1358 4054 v⁰
1384 4007 1674 4074 Προτίκτωρ
1702 4010 1866 4066 mco:
1893 4011 2170 4074 ἀξιώματος
2201 4015 2471 4076 ρωμαικοῦ.

958 4091 1027 4153 (3)
1050 4091 1316 4154 SocrateS‚
1350 4094 1475 4145 Hist.
1507 4097 1637 4158 eccl„
1669 4096 1716 4157 3,
1748 4097 1827 4147 21.

957 4180 1022 4243 (4)
1057 4181 1105 4230 C.
1135 4183 1220 4241 th„
1252 4183 1298 4243 7,
1327 4182 1405 4243 21,
1433 4184 1481 4232 2.

951 4269 1017 4330 (5)
1050 4271 1168 4319 Acta
1198 4273 1381 4320 concilii
1407 4275 1791 4335 carthaqinz‘ensis
1823 4290 1866 4323 a.
1901 4276 2017 4334 411,
2057 4277 2320 4331 Har-dum,
2358 4280 2406 4332 l,
2440 4294 2488 4341 p.
2526 4278 2645 4328 1049
2680 4282 3026 4331 {Praesentibus

889 4356 1186 4418 Sebastiano,
1220 4362 1495 4411 Matrimiauo
1525 4370 1566 4412 et
1590 4364 1719 4412 Petro
1738 4401 1752 4420 ,
1782 4366 1895 4413 viris
1924 4367 2224 4415 devotissimis
2248 4369 2576 4428 protectoribus
2607 4371 2875 4418 domesticis.
