3488 5421
1771 633 2093 692 ...44—

860 776 986 842 aut
1023 768 1170 838 viri
1216 767 1726 862 perfectissimi
1781 766 1923 863 (1),
1971 788 2131 859 quae
2167 770 2421 841 ultima
2457 770 2673 841 verba
2709 769 2997 841 ordina-

862 895 968 966 ria
1007 893 1328 984 equitum
1367 893 1683 984 epitheta
1720 901 1923 966 erant
1971 889 2065 987 (2)
2092 947 2110 976 ,
2165 900 2290 966 aut
2328 893 2642 984 denique
2694 892 2997 964 ducena-

859 1016 966 1088 rii
997 1015 1092 1112 (5)
1130 1024 1494 1090 vocantur.
1532 1020 1634 1089 De
1670 1018 1842 1090 viris
1877 1016 2284 1090 ducenariis
2319 1017 2423 1088 nil
2455 1025 2724 1090 certum
2766 1017 3000 1114 adhuc

862 1150 1302 1235 compertum
1357 1149 1507 1225 est,
1561 1160 1798 1233 neque
1846 1149 2172 1215 nostrum
2224 1150 2332 1215 est
2381 1161 2544 1233 quae
2598 1144 2811 1216 fuerit
2862 1143 2999 1215 ista

863 1266 1177 1358 dignitas
1212 1284 1407 1338 nunc
1457 1265 1785 1338 funditus
1839 1266 2293 1358 investigare.
2340 1267 2526 1339 Illud
2573 1267 2787 1339 modo
2836 1266 2994 1338 ani-

864 1390 1451 1463 madvertendum
1473 1397 1582 1463 est
1598 1390 2061 1463 ducenarium
2088 1410 2449 1482 quemque
2466 1391 2732 1463 dictum
2754 1409 3000 1482 eques-

862 1516 954 1588 tri
986 1517 1139 1588 loco
1162 1533 1321 1588 esse
1350 1539 1367 1586 ε
1392 1515 1847 1588 senatoribus
1874 1516 2297 1588 ducenarios
2316 1518 2792 1608 Hieronymus
2813 1522 3001 1606 post-

863 1639 1068 1731 ponit
1124 1637 1270 1734 (4);
1330 1641 1929 1731 perfectissimatu
1994 1640 2231 1712 minor
2258 1696 2275 1725 ‚
2345 1640 2702 1732 egregiam
2764 1641 3001 1712 minor

876 1789 907 1827 ‹
950 1763 1224 1835 ducena
1282 1763 1594 1855 dignitas
1637 1791 1668 1828 ι
1734 1764 1813 1834 in
1868 1764 2123 1837 Codice
2180 1764 2650 1837 theodosiano
2691 1765 2998 1835 aestima-

862 1893 979 1959 tur
1024 1883 1166 1981 (5);
1219 1888 1345 1977 qui
1397 1897 1891 1978 procuratores
1939 1895 2402 1979 augustorum
2455 1887 2821 1960 ducenarii
2874 1906 3000 1959 no-

862 2010 1231 2082 minantur
1260 2012 1337 2081 in
1367 2010 1624 2094 titulis,
1661 2011 1975 2102 equestri
2006 2012 2380 2084 nobilitate
2409 2012 2829 2083 fruebantur
2864 2007 2994 2105 (6);

863 2134 1073 2218 adde,
1110 2134 1304 2226 quod
1342 2143 1776 2227 protectores
1809 2136 2295 2219 domesticive,
2332 2137 2659 2209 simulac
2686 2135 2777 2207 ad
2808 2154 3001 2207 sum-

863 2278 1062 2330 mum
1102 2258 1380 2330 ordinis
1421 2261 1535 2330 sui
1576 2259 1902 2350 gradum,
1940 2259 2601 2351 decemprimatum,
2636 2258 3001 2351 pervenie-

743 2370 749 2375 ’
861 2384 1078 2467 bant,
1149 2383 1628 2455 clarissimatu
1696 2384 2142 2456 ornabantur
2199 2380 2292 2477 (7)
2346 2409 2364 2455 ε
2420 2385 2614 2473 quod
2670 2384 2823 2455 fieri
2851 2440 2869 2465 ‚
2924 2391 3004 2455 ut

864 2507 1041 2580 mihi
1082 2507 1398 2591 videtur,
1442 2526 1590 2579 non
1629 2509 2025 2600 potuisset,
2070 2508 2214 2579 nisi
2249 2509 2396 2599 J'am
2446 2508 2998 2599 perfectissima-

864 2639 1015 2704 tum
1039 2686 1068 2716 ,.
1114 2633 1416 2706 aliamve
1473 2633 1803 2725 quamvis
1856 2640 2261 2725 equestrem
2309 2635 2718 2706 induissent
2764 2634 2998 2726 digni-

863 2764 1109 2832 tatem.

963 2886 1292 2957 Fortasse
1330 2893 1618 2978 propter
1658 2885 1839 2958 illud
1879 2892 2348 2978 protectores,
2395 2886 3000 2977 quemadmodum

864 3016 1357 3102 procuratores
1380 3064 1398 3093 ,
1444 3010 1812 3083 ducenarii
1854 3009 2303 3094 dicebantur,
2351 3011 2544 3101 quod
2581 3011 2696 3082 bis
2736 2994 2996 3082 sester-

863 3135 1044 3210 tium
1097 3135 1469 3208 merehant
1515 3132 1609 3230 (8)
1628 3191 1645 3207 .
1690 3136 1926 3221 Quum
1979 3136 2056 3208 in
2104 3135 2334 3209 titulis
2389 3153 2761 3226 nunquam
2802 3153 3001 3206 sexa-

928 3416 997 3480 (1)
1027 3413 1108 3465 Cf.
1136 3429 1188 3478 p.
1218 3415 1297 3475 50,
1328 3428 1382 3465 n.
1419 3415 1436 3465 l
1472 3418 1522 3464 et
1552 3416 1597 3464 3.

929 3503 999 3568 (2)
1037 3503 1367 3562 Hirschfeld,
1406 3504 1835 3567 Untersuchunyen‚
1874 3505 1928 3565 1,
1966 3518 2055 3567 pp.
2093 3501 2215 3564 273,
2253 3503 2366 3553 274.
2397 3501 2582 3566 Neque
2618 3504 2718 3553 hoc
2752 3502 2870 3552 loco
2899 3501 3003 3550 dis-

862 3592 1187 3659 quirendum
1206 3593 1389 3657 judico
1417 3606 1537 3656 quae
1561 3594 1631 3643 sit
1657 3594 1798 3643 iuter
1818 3598 2101 3657 utrumque
2131 3594 2346 3644 titulum
2374 3593 2683 3642 differentia.

927 3683 997 3748 (3)
1026 3683 1227 3734 Balletia
1252 3685 1576 3747 epiqraphique
1601 3686 1652 3734 dc
1682 3684 1726 3734 la
1758 3682 1922 3744 Gaule,
1957 3682 2000 3740 1,
2029 3697 2083 3747 p.
2113 3683 2174 3743 73
2207 3683 2256 3735 G.
2284 3684 2322 3733 i.
2347 3683 2400 3743 1.‚
2428 3682 2538 3739 ΙΙΙ,
2570 3681 2724 3745 6439;
2755 3682 2823 3744 V,
2849 3680 3002 3737 5833;

866 3773 1086 3835 Gruter,
1117 3773 1229 3834 530,
1259 3772 1318 3827 9:
1346 3771 1539 3833 Orelli,
1571 3770 1690 3822 3391
1714 3793 1725 3829 ς
1754 3771 1974 3832 Allmer,
2002 3772 2304 3834 Inscriptions
2326 3773 2378 3820 de
2411 3772 2614 3832 Vienna,
2647 3769 2688 3831 Ι,
2717 3769 2825 3821 418.

928 3862 999 3927 (4)
1025 3860 1123 3912 Ed.
1151 3860 1348 3924 Migne‚
1373 3860 1443 3923 11,
1468 3876 1517 3925 p.
1548 3860 1669 3919 370;
1694 3862 1764 3911 cf.
1792 3859 2148 3911 Theodosium
2170 3859 2240 3920 II,
2260 3860 2475 3920 Novetlae,
2502 3858 2584 3922 21,
2617 3861 2659 3921 1,
2678 3859 2760 3910 ed.
2781 3857 2969 3908 Haenel
2991 3877 3003 3905 ε

867 3953 1072 4006 Licentia
1093 3950 1362 4002 verberandi
1389 3951 1718 4012 reyradandive
1744 3954 1972 4000 senatores
1997 3962 2049 3999 ac
2075 3949 2356 3999 ducenarius.

927 4040 998 4105 (5)
1028 4036 1272 4102 Exempli
1303 4039 1473 4104 gratia
1494 4077 1505 4093 .
1532 4037 1582 4088 G.
1612 4039 1699 4099 th„
1729 4038 1778 4100 8,
1803 4037 1850 4099 4,
1872 4037 1921 4087 3.

927 4128 997 4196 (6)
1022 4126 1104 4181 Gt.
1134 4126 1438 4180 Hirschfeld
1458 4164 1470 4184 .
1506 4128 1906 4188 Untersuchunqen
1918 4164 1932 4189 ,
1956 4125 2006 4188 Ι,
2033 4126 2249 4178 titulum
2271 4126 2352 4177 Die
2372 4126 2756 4189 procuratorische
2774 4124 2976 4176 Garriere
2988 4161 3003 4185 ‚

869 4234 973 4285 quo
1000 4220 1075 4269 nil
1101 4232 1335 4282 unquam
1358 4217 1426 4268 de
1449 4231 1512 4268 ea
1540 4231 1598 4266 re
1625 4217 1858 4267 lucidius
1882 4219 1936 4266 et
1960 4217 2158 4267 certius
2187 4216 2390 4267 dictum
2418 4218 2514 4267 est.

930 4309 998 4372 (7)
1030 4305 1110 4358 Cf.
1140 4322 1190 4372 p.
1224 4307 1302 4358 65.

937 4394 1111 4460 (8)(31.
1147 4394 1477 4450 Hirschfeld.
1516 4396 1572 4452 1,
1604 4410 1690 4459 pp.
1721 4393 1958 4444 259-265.
