3488 5421
1382 611 1704 676 ...73-

480 755 819 850 tegendos
848 754 942 833 ab
973 752 1308 826 hostibus
1335 775 1353 824 z
1376 753 1680 826 Severus
1708 750 1901 824 bello
1927 748 2333 823 britannico
2362 769 2431 821 a.
2467 751 2608 821 568

477 880 920 975 praeponitur
951 873 1106 972 (1),
1147 874 1634 951 Mallobaudes
1675 872 1893 949 retico
1938 874 2130 948 bello
2167 893 2235 946 a.
2281 875 2423 946 578
2464 869 2603 969 (2);

481 1004 935 1079 Richomeres
1008 1002 1087 1074 in
1159 982 1431 1075 Gothos
1503 1000 1875 1075 Valentem
1940 1017 2311 1093 aggressos
2378 998 2609 1074 inces-

480 1132 574 1205 sit
632 1129 800 1221 (5);
875 1129 1183 1202 Francos
1252 1125 1635 1201 debellavit
1697 1124 2034 1199 castinus
2099 1146 2168 1198 a.
2233 1126 2367 1198 421
2439 1124 2604 1219 (4);

434 1324 443 1329 -
478 1253 773 1327 maurici
806 1251 980 1327 belli
1013 1251 1497 1345 principatum
1536 1249 1850 1343 profecto
1906 1249 2250 1324 Belisario
2296 1250 2610 1342 suscepit

480 1366 893 1450 Theodorus
929 1370 1071 1470 (5).

577 1503 822 1593 ltaque
858 1499 1152 1574 nonnisi
1199 1499 1374 1573 viris
1428 1498 1601 1573 belli
1640 1517 1779 1572 usu
1828 1499 2232 1573 exercitatis
2280 1499 2612 1575 comitiva

479 1625 1029 1699 domesticorum
1083 1625 1416 1699 dabatur.
1480 1626 1727 1717 Neque
1770 1630 1955 1700 recte
1994 1623 2264 1698 dictum
2323 1630 2433 1699 est
2472 1624 2609 1698 sub

474 1751 880 1825 Iustiniano
944 1751 1133 1824 hanc
1183 1748 1605 1843 dignitatem
1664 1748 2226 1824 ostensionalem
2266 1749 2494 1825 fuisse
2530 1769 2613 1822 ac

474 1874 721 1949 domui
760 1875 1045 1968 augusti
1083 1881 1512 1949 reservatam
1562 1872 1693 1969 (6).
1735 1877 1770 1948 J
1777 1874 2066 1948 ustinus
2103 1873 2426 1965 quidem,
2461 1873 2603 1947 fra·

476 2000 607 2073 tris
641 2000 1030 2073 Iustiniani
1060 2018 1314 2093 nepos,
1354 2001 1525 2075 dum
1555 2001 1795 2075 adhuc
1828 2000 2248 2075 adolescens
2284 2006 2435 2074 erat
2471 1996 2604 2094 (7),

475 2126 700 2198 factus
735 2130 844 2198 est
889 2125 1442 2200 domesticorum
1482 2144 1718 2200 comes
1764 2151 1781 2197 :
1821 2127 1972 2218 jam
2009 2144 2175 2199 vero
2216 2122 2421 2199 illum
2461 2124 2609 2198 sin-

475 2251 701 2344 gulari
737 2249 1037 2325 audacia
1075 2260 1145 2323 et
1181 2250 1445 2325 eximia
1481 2251 1905 2325 fortitudine
1964 2251 2305 2326 omnibus
2356 2257 2608 2324 notum
2727 2253 2736 2261 '

473 2373 697 2448 fuisse
734 2373 993 2448 fatetur
1031 2374 1187 2466 ipse
1227 2375 1613 2468 Procopius
1664 2371 1795 2470 (8).
1850 2376 2127 2462 Quibus
2171 2376 2453 2467 augusti
2497 2394 2610 2448 co-

476 2499 792 2573 mitivam
846 2498 1401 2579 domesticorum
1460 2500 1874 2575 detulerunt
1924 2501 2138 2574 etiam
2186 2508 2350 2594 post
2393 2500 2610 2573 Justi-

474 2623 810 2710 nianum,
867 2625 1186 2708 Tiberio,
1239 2626 1619 2715 Mauricio,
1665 2624 1917 2718 Crispo
1942 2679 1961 2709 ,
2022 2626 2247 2699 nullis
2296 2625 2607 2719 profecto
2666 2652 2670 2657 ·

473 2748 888 2823 fortioribus
953 2756 1027 2824 et
1079 2749 1520 2826 felicioribus
1583 2751 1969 2845 imperium
2037 2770 2415 2826 romanum
2475 2749 2602 2824 de-

473 2871 880 2946 fensoribus
917 2892 1132 2948 usum
1172 2882 1311 2948 est.

572 2999 804 3083 Quum
870 2999 1172 3073 Romani
1238 3006 1392 3074 tum
1456 3001 1749 3076 barbari
1814 3001 2235 3078 custodibus
2291 3001 2607 3095 praefecti

55 3267 63 3412 ἱ
533 3304 600 3371 (1)
633 3304 810 3357 Amm.
840 3302 1024 3368 Marc„
1052 3304 1134 3369 27,
1159 3305 1207 3368 8,
1237 3306 1287 3357 2.

540 3393 605 3457 (2)
633 3394 811 3445 Amm-
836 3393 1021 3457 Μαῖα,
1050 3394 1128 3458 31,
1157 3395 1234 3458 10,
1263 3395 1311 3447 6.

534 3482 602 3546 (3)
631 3483 810 3533 Amm.
835 3482 1019 3546 Marc„
1045 3482 1126 3548 31,
1154 3484 1204 3545 ’7,
1235 3485 1282 3538 4.

537 3571 604 3635 (4)
635 3571 923 3637 Gregorius
944 3574 1276 3637 turonensis,
1300 3575 1430 3628 Hist.
1460 3576 1766 3640 Francorum,
1791 3578 1841 3641 2,
1870 3577 1958 3641 623
1983 3579 2108 3631 Hist.
2132 3579 2298 3630 Franc.
2324 3579 2504 3642 epitom.
2528 3590 2610 3640 per

470 3661 816 3741 flodegarium,
857 3662 914 3726 8,
956 3662 1049 3715 550
1087 3662 1315 3729 (Migne,
1364 3667 1498 3718 Patr.
1536 3667 1645 3730 lat„
1687 3667 1902 3731 LXXI)
1926 3707 1938 3726 ,
1987 3683 2081 3734 pp.
2125 3666 2222 3719 206
2264 3674 2319 3720 et
2362 3667 2488 3726 578ς
2532 3669 2606 3720 ct.

468 3751 691 3816 append.
721 3749 746 3799 1
780 3752 826 3802 b.

485 3841 490 3846 '
537 3839 603 3904 (5)
637 3838 956 3905 Procopius,
984 3842 1046 3893 Dc
1074 3842 1190 3895 bello
1216 3845 1486 3906 vandalico,
1516 3845 1565 3908 2,
1599 3845 1674 3911 12,
1704 3846 1756 3909 1,
1785 3860 1840 3910 p.
1871 3845 1982 3910 460,
2010 3846 2094 3898 ed.
2118 3848 2280 3899 boun.

539 3927 609 3992 (6)
632 3926 832 3992 Meyer,
863 3930 983 3981 zum·
1008 3930 1398 3997 Elfonbeintafeln
1413 3972 1428 3996 ‚
1457 3949 1508 3999 p.
1546 3935 1621 3987 19.

543 4016 606 4080 (Ἰ)
655 4016 866 4083 Nempe·
903 4019 1189 4072 admodum
1219 4024 1470 4088 juvenem
1510 4025 1681 4076 tuisse
1718 4026 1882 4077 tradit
1919 4040 2039 4078 eum
2091 4026 2410 4093 Procopius,
2445 4028 2508 4079 Dc
2556 4027 2602 4077 ὁ.

473 4106 681 4171 gothico,
707 4107 757 4169 3,
780 4107 860 4165 32.
890 4107 961 4170 II,
992 4124 1048 4174 p.
1075 4109 1185 4190 410,
1210 4125 1376 4176 quum
1403 4115 1741 4167 consulatum
1773 4120 2042 4182 acceperit
2069 4137 2081 4167 ε
2112 4131 2269 4181 quem
2298 4116 2474 4168 induit
2493 4118 2605 4182 jam

468 4208 650 4248 comes
675 4197 1091 4251 domesticorum
1108 4237 1122 4262 ,
1151 4202 1227 4252 ct.
1251 4199 1456 4267 Meyer,
1487 4206 1593 4256 tab.
1628 4205 1674 4258 1.

530 4284 598 4349 (8)
627 4285 689 4336 Dc
713 4286 827 4338 bello
851 4288 1051 4351 gothico,
1078 4285 1125 4350 3,
1150 4288 1230 4353 33,
1256 4292 1420 4342 boun.
1449 4291 1555 4355 ed„
1589 4290 1674 4351 11.
1705 4308 1760 4359 p.
1790 4295 1883 4348 410
1913 4314 1926 4344 ε
1956 4296 2168 4357 Νεανίας
2192 4298 2280 4363 μὲν
2302 4298 2390 4348 καὶ
2409 4303 2605 4367 πρῶτος

461 4375 736 4439 ὑπηνήτης,
761 4377 1056 4444 δραστήριος
1078 4380 1133 4433 δὲ
1157 4381 1244 4432 καὶ
1268 4381 1317 4439 ἐς
1338 4382 1424 4441 τὰς
1446 4381 1640 4448 πράξεις
1664 4383 1915 4451 ὀξύτεροςς
1944 4382 2016 4437 cf.
2043 4383 2094 4449 3,
2119 4384 2210 4444 40;
2235 4385 2283 4449 4,
2309 4384 2392 4437 25.
