3488 5421
1791 591 2112 656 ...36-

889 732 1258 813 chomere,
1313 729 1652 820 magistro
1690 729 2004 810 militiae,
2061 729 2569 820 Symmachus,
2615 736 2693 801 ut
2731 727 2966 800 Firmo
2990 783 3008 809 ,

889 852 1384 949 protectoriam
1426 853 1844 945 dignitatem
1891 852 2292 933 affectanti,
2345 859 2751 935 succurrat,
2795 852 2871 924 id
2906 859 3016 924 est

889 989 970 1054 ut
1009 982 1245 1052 Firmo
1284 979 1785 1068 imperatorem
1826 977 2155 1050 conciliet
2200 973 2329 1070 (1).

990 1103 1269 1196 Duplici
1352 1102 1497 1183 via,
1570 1127 1601 1165 ‹
1662 1102 1877 1174 variis
1953 1100 2335 1174 itineribus
2401 1127 2434 1166 ι
2466 1155 2485 1184 ,
2560 1101 2653 1172 ad
2731 1102 3014 1173 scholas

891 1235 1367 1323 protectorum
1442 1233 1512 1297 et
1585 1227 2138 1299 domesticorum
2222 1226 2834 1316 provehebantur,
2892 1232 3018 1297 aut

904 1383 937 1419 ι
976 1353 1332 1447 potentia,
1381 1351 1754 1443 suffragio,
1798 1352 2022 1443 gratia
2060 1378 2091 1415 ι
2128 1406 2146 1433 ,
2190 1358 2315 1423 aut
2366 1379 2397 1416 α
2435 1360 2598 1442 post
2643 1370 3014 1424 emensum

890 1481 1207 1552 laborem
1249 1504 1321 1558 ι»,
1364 1475 1438 1547 id
1477 1481 1586 1548 est
1623 1475 1963 1547 omuibus
2003 1475 2189 1547 infra
2234 1476 2491 1567 positis
2538 1475 2814 1548 militiae
2852 1492 3011 1565 gra-

895 1603 1109 1675 dibus
1176 1600 1495 1673 decursis
1568 1596 1696 1694 (2).
1769 1601 1935 1671 Haec
1991 1600 2289 1691 originis
2349 1599 2862 1671 dissimilitudo
2941 1600 3015 1671 in

895 1734 1370 1823 protectorum
1427 1725 1774 1798 codicillis
1840 1725 2365 1797 inscribebatur
2421 1726 2780 1816 hujusque
2824 1744 3012 1797 sem-

894 1872 1048 1944 per,
1087 1868 1230 1941 quo
1286 1857 1605 1941 tempore
1650 1849 2137 1930 merebantur,
2191 1850 2437 1922 habita
2489 1867 2648 1920 esse
2697 1850 2873 1920 ratio
2911 1850 3014 1920 vi-

896 1977 1104 2050 detur
1149 1972 1276 2068 (5).

997 2100 1133 2187 Qui
1174 2124 1203 2165 ‹
1244 2098 1603 2190 potentia,
1646 2099 2022 2191 suffragio,
2066 2099 2289 2191 gratia
2317 2125 2350 2164 ι
2391 2099 2483 2171 ad
2521 2101 3016 2191 protectoriam

899 2225 1316 2316 dignitatem
1351 2223 1722 2313 pervenire
1753 2222 2114 2306 dicuutur,
2145 2241 2300 2295 eam
2334 2243 2482 2294 non
2520 2243 2647 2314 per
2675 2224 3022 2296 ambitum

900 2347 1402 2439 suffragiumve
1439 2348 1866 2437 potentioris
1917 2348 2527 2437 assequebantur,
2574 2348 2701 2421 sed
2738 2355 3027 2440 propter

900 2472 1246 2544 natalium
1278 2470 1761 2562 splendorem.
1789 2472 1980 2544 Licet
2000 2472 2235 2542 Firmo
2259 2471 2714 2545 Richomeres
2734 2479 2802 2545 et
2826 2475 3025 2564 Sym-

905 2590 1583 2678 machus'faverint,
1629 2597 1793 2680 ille,
1838 2599 1900 2669 si
1960 2597 2137 2670 forte
2193 2605 2546 2688 protector
2585 2599 3020 2681 nominetur,

901 2742 1048 2795 non
1094 2723 1467 2813 potentiae,
1513 2741 1658 2793 non
1708 2723 1953 2813 gratiae
2005 2722 2292 2794 titulum
2344 2722 2682 2795 debuisse
2721 2723 3020 2806 dicatur,

903 2866 1126 2940 quum
1180 2848 1374 2920 hunc
1429 2854 1671 2938 utpote
1721 2854 2097 2919 veteranus
2140 2873 2172 2911 α
2210 2855 2372 2938 post
2411 2866 2782 2921 emensum
2834 2849 3027 2920 labo-

906 2990 1053 3044 rem
1095 2999 1126 3036 »
1168 2970 1511 3043 induerit.

1002 3095 1648 3182 Quemadmodum,
1694 3097 1980 3188 Trajani
2018 3104 2251 3180 aetate,
2292 3105 2702 3169 senatorum
2743 3097 2910 3183 filii,
2955 3105 3032 3170 ut

904 3219 1178 3290 tribuni
1219 3219 1615 3311 leyionum,
1658 3221 1794 3305 ita,
1848 3230 2101 3311 quarto
2146 3223 2443 3303 saeculo,
2494 3222 2873 3295 clarissimi
2905 3223 3025 3313 ju-

904 3363 1119 3418 venes
1179 3344 1772 3439 (clarissimorum
1830 3347 2137 3418 virorum
2196 3344 2414 3440 filii),
2470 3355 2550 3419 ut
2600 3355 3031 3438 protectores

905 3477 1369 3561 augustorum
1394 3524 1412 3552 ,
1454 3471 1695 3561 prima:
1727 3470 2089 3562 stipendia
2126 3472 2498 3543 merebant
2541 3492 2558 3538 ε
2605 3473 2721 3544 hic
2756 3473 3033 3563 primus

907 3595 1193 3666 illorum
1220 3595 1298 3666 in
1319 3595 1674 3667 honorum
1711 3614 1926 3668 cursu
1955 3595 2216 3687 gradus
2247 3604 2420 3667 erat.
2460 3597 2629 3669 Pars
2661 3615 2698 3667 e
2731 3597 3034 3669 custodi·

907 3918 1155 3984 τάγματις
1187 3916 1258 3966 cf.
1294 3915 1470 3967 Amm.
1510 3914 1690 3977 Marc„
1721 3915 1810 3979 25,
1852 3915 1938 3977 10,
1970 3917 2032 3979 9;
2066 3916 2311 3982 Ρτοοορ.,
2345 3919 2549 3976 Αηοοα..
2589 3921 2672 3968 ed.
2710 3922 2888 3976 bonu..
2928 3918 3034 3980 ΙΙΙ,

946 4045 957 4058 .
991 4005 1071 4069 43,
1101 4003 1149 4056 9.
1769 4029 1770 4032 =

904 4022 941 4073 p
971 4097 1042 4161 (l)
1071 4092 1455 4159 Symmachus,
1485 4095 1728 4157 Epistulas.
1771 4094 1800 4144 3
1820 4131 1833 4155 ,
1874 4094 1963 4157 67,
1997 4095 2081 4145 ed.
2118 4094 2313 4159 Migne.
2356 4094 2716 4147 Protectorem
2753 4097 3037 4159 expulsum

902 4185 1187 4249 imperator
1215 4182 1446 4233 restituit
1471 4182 1528 4231 in
1552 4183 1819 4245 scholam,
1850 4181 1903 4234 G.
1934 4183 2020 4243 tle„
2047 4182 2096 4245 6,
2129 4182 2213 4246 24,
2243 4184 2293 4233 5.

973 4272 1044 4336 (2)
1069 4270 1121 4323 G.
1148 4272 1234 4333 τι,
1264 4271 1313 4334 6,
1339 4270 1430 4331 24,
1454 4269 1503 4328 3.
1534 4272 1627 4321 ubi
1650 4271 1810 4322 modo
1837 4272 1903 4322 de
1925 4272 2257 4334 protectoribus
2280 4273 2538 4323 domesticis
2564 4274 2756 4336 agitur.

975 4360 1044 4424 (3)
1073 4359 1123 4412 G.
1155 4361 1243 4421 tt„
1273 4360 1322 4422 6,
1351 4359 1432 4421 24,
1462 4359 1509 4413 3.
2211 4385 2216 4390 ·
