<?xml version="1.0" encoding="UTF-8"?>
<!DOCTYPE html PUBLIC "-//W3C//DTD XHTML 1.0 Transitional//EN"
    "http://www.w3.org/TR/xhtml1/DTD/xhtml1-transitional.dtd">
<html xmlns="http://www.w3.org/1999/xhtml" xml:lang="en" lang="en">
 <head>
  <title>
</title>
<meta http-equiv="Content-Type" content="text/html;charset=utf-8" />
  <meta name='ocr-system' content='tesseract 3.04.00' />
  <meta name='ocr-capabilities' content='ocr_page ocr_carea ocr_par ocr_line ocrx_word'/>
</head>
<body>
  <div class='ocr_page' id='page_1' title='image "./deprotectoribus00jullgoog_0060.png"; bbox 0 0 3488 5421; ppageno 0'>
   <div class='ocr_carea' id='block_1_1' title="bbox 1790 590 2109 649">
    <p class='ocr_par' dir='ltr' id='par_1_1' title="bbox 1790 590 2109 649">
     <span class='ocr_line' id='line_1_1' title="bbox 1790 590 2109 649; baseline 0.003 -16"><span class='ocrx_word' id='word_1_1' title='bbox 1790 590 2109 649; x_wconf 70' lang='grc'><strong>-46-</strong></span> 
     </span>
    </p>
   </div>
   <div class='ocr_carea' id='block_1_2' title="bbox 812 723 3006 2927">
    <p class='ocr_par' dir='ltr' id='par_1_2' title="bbox 812 723 3006 1067">
     <span class='ocr_line' id='line_1_2' title="bbox 812 723 3006 820; baseline 0 -23"><span class='ocrx_word' id='word_1_2' title='bbox 812 806 815 811; x_wconf 49' lang='grc'><strong>,</strong></span> <span class='ocrx_word' id='word_1_3' title='bbox 875 727 1030 797; x_wconf 89' lang='lat' dir='ltr'><strong>dari</strong></span> <span class='ocrx_word' id='word_1_4' title='bbox 1070 723 1138 818; x_wconf 66' lang='lat' dir='ltr'><strong>n)</strong></span> <span class='ocrx_word' id='word_1_5' title='bbox 1206 723 1301 820; x_wconf 85' lang='lat'><strong>(1)</strong></span> <span class='ocrx_word' id='word_1_6' title='bbox 1365 751 1382 796; x_wconf 90' lang='lat'>:</span> <span class='ocrx_word' id='word_1_7' title='bbox 1436 725 1712 797; x_wconf 89' lang='lat' dir='ltr'><strong>ducena</strong></span> <span class='ocrx_word' id='word_1_8' title='bbox 1762 726 1977 816; x_wconf 82' lang='lat' dir='ltr'><strong>igitur</strong></span> <span class='ocrx_word' id='word_1_9' title='bbox 2028 726 2256 797; x_wconf 90' lang='lat' dir='ltr'><strong>millia</strong></span> <span class='ocrx_word' id='word_1_10' title='bbox 2309 727 2757 808; x_wconf 81' lang='lat' dir='ltr'><strong>sestertium,</strong></span> <span class='ocrx_word' id='word_1_11' title='bbox 2799 727 3006 797; x_wconf 79' lang='lat' dir='ltr'><strong>tertio</strong></span> 
     </span>
     <span class='ocr_line' id='line_1_3' title="bbox 874 849 3004 940; baseline -0 -19"><span class='ocrx_word' id='word_1_12' title='bbox 874 851 1164 934; x_wconf 83' lang='lat' dir='ltr'><strong>saeculo,</strong></span> <span class='ocrx_word' id='word_1_13' title='bbox 1209 849 1396 922; x_wconf 91' lang='lat' dir='ltr'><strong>idem</strong></span> <span class='ocrx_word' id='word_1_14' title='bbox 1441 868 1547 932; x_wconf 87' lang='lat' dir='ltr'><strong>ac,</strong></span> <span class='ocrx_word' id='word_1_15' title='bbox 1593 850 1874 940; x_wconf 89' lang='lat' dir='ltr'><strong>quinto,</strong></span> <span class='ocrx_word' id='word_1_16' title='bbox 1910 851 2046 920; x_wconf 89' lang='lat' dir='ltr'><strong>tria</strong></span> <span class='ocrx_word' id='word_1_17' title='bbox 2084 850 2312 922; x_wconf 91' lang='lat' dir='ltr'><strong>millia</strong></span> <span class='ocrx_word' id='word_1_18' title='bbox 2348 855 2416 920; x_wconf 88' lang='lat' dir='ltr'><strong>et</strong></span> <span class='ocrx_word' id='word_1_19' title='bbox 2450 850 2763 920; x_wconf 79' lang='lat' dir='ltr'>sexcenti</span> <span class='ocrx_word' id='word_1_20' title='bbox 2794 850 3004 921; x_wconf 89' lang='lat' dir='ltr'><strong>solidi</strong></span> 
     </span>
     <span class='ocr_line' id='line_1_4' title="bbox 872 954 1524 1067; baseline -0.003 -22"><span class='ocrx_word' id='word_1_21' title='bbox 872 976 1070 1047; x_wconf 89' lang='lat' dir='ltr'><strong>aurei</strong></span> <span class='ocrx_word' id='word_1_22' title='bbox 1109 954 1348 1046; x_wconf 90' lang='lat' dir='ltr'><strong>valent</strong></span> <span class='ocrx_word' id='word_1_23' title='bbox 1396 971 1524 1067; x_wconf 75' lang='lat'><strong>(2).</strong></span> 
     </span>
    </p>

    <p class='ocr_par' dir='ltr' id='par_1_3' title="bbox 867 1095 3005 1811">
     <span class='ocr_line' id='line_1_5' title="bbox 971 1095 2998 1191; baseline -0 -22"><span class='ocrx_word' id='word_1_24' title='bbox 971 1097 1176 1183; x_wconf 85' lang='lat' dir='ltr'><strong>Quod</strong></span> <span class='ocrx_word' id='word_1_25' title='bbox 1227 1097 1288 1169; x_wconf 92' lang='lat' dir='ltr'><strong>si</strong></span> <span class='ocrx_word' id='word_1_26' title='bbox 1336 1116 1449 1169; x_wconf 88' lang='lat' dir='ltr'><strong>res</strong></span> <span class='ocrx_word' id='word_1_27' title='bbox 1498 1099 1598 1169; x_wconf 85' lang='lat' dir='ltr'><strong>ita</strong></span> <span class='ocrx_word' id='word_1_28' title='bbox 1648 1105 1838 1168; x_wconf 91' lang='lat' dir='ltr'><strong>esset</strong></span> <span class='ocrx_word' id='word_1_29' title='bbox 1885 1095 2144 1191; x_wconf 90' lang='lat' dir='ltr'><strong>(neque</strong></span> <span class='ocrx_word' id='word_1_30' title='bbox 2185 1115 2328 1167; x_wconf 92' lang='lat' dir='ltr'><strong>non</strong></span> <span class='ocrx_word' id='word_1_31' title='bbox 2369 1096 2763 1187; x_wconf 85' lang='lat' dir='ltr'><strong>probabilis</strong></span> <span class='ocrx_word' id='word_1_32' title='bbox 2802 1096 2998 1169; x_wconf 89' lang='lat' dir='ltr'><strong>vide·</strong></span> 
     </span>
     <span class='ocr_line' id='line_1_6' title="bbox 871 1219 3005 1315; baseline -0.002 -19"><span class='ocrx_word' id='word_1_33' title='bbox 871 1219 1046 1315; x_wconf 82' lang='lat' dir='ltr'><strong>tur),</strong></span> <span class='ocrx_word' id='word_1_34' title='bbox 1080 1222 1274 1294; x_wconf 89' lang='lat' dir='ltr'><strong>brevi</strong></span> <span class='ocrx_word' id='word_1_35' title='bbox 1308 1222 1751 1294; x_wconf 89' lang='lat' dir='ltr'><strong>ditescebant</strong></span> <span class='ocrx_word' id='word_1_36' title='bbox 1778 1228 2209 1312; x_wconf 87' lang='lat' dir='ltr'><strong>protectores</strong></span> <span class='ocrx_word' id='word_1_37' title='bbox 2246 1247 2263 1291; x_wconf 92' lang='lat'>:</span> <span class='ocrx_word' id='word_1_38' title='bbox 2304 1239 2544 1311; x_wconf 92' lang='lat' dir='ltr'><strong>neque</strong></span> <span class='ocrx_word' id='word_1_39' title='bbox 2563 1223 2711 1312; x_wconf 88' lang='lat' dir='ltr'><strong>jam</strong></span> <span class='ocrx_word' id='word_1_40' title='bbox 2746 1222 3005 1292; x_wconf 90' lang='lat' dir='ltr'><strong>miran-</strong></span> 
     </span>
     <span class='ocr_line' id='line_1_7' title="bbox 870 1345 2997 1427; baseline -0 -10"><span class='ocrx_word' id='word_1_41' title='bbox 870 1345 1044 1418; x_wconf 82' lang='lat' dir='ltr'><strong>dum</strong></span> <span class='ocrx_word' id='word_1_42' title='bbox 1074 1347 1139 1419; x_wconf 85' lang='lat' dir='ltr'><strong>si</strong></span> <span class='ocrx_word' id='word_1_43' title='bbox 1168 1347 1646 1425; x_wconf 78' lang='lat' dir='ltr'><strong>Iustinianus,</strong></span> <span class='ocrx_word' id='word_1_44' title='bbox 1691 1345 1901 1415; x_wconf 91' lang='lat' dir='ltr'><strong>solito</strong></span> <span class='ocrx_word' id='word_1_45' title='bbox 1932 1362 2157 1424; x_wconf 90' lang='lat' dir='ltr'><strong>more,</strong></span> <span class='ocrx_word' id='word_1_46' title='bbox 2192 1362 2331 1415; x_wconf 81' lang='lat' dir='ltr'><strong>aere</strong></span> <span class='ocrx_word' id='word_1_47' title='bbox 2366 1345 2600 1415; x_wconf 89' lang='lat' dir='ltr'><strong>alieno</strong></span> <span class='ocrx_word' id='word_1_48' title='bbox 2634 1345 2997 1427; x_wconf 87' lang='lat' dir='ltr'><strong>laborans,</strong></span> 
     </span>
     <span class='ocr_line' id='line_1_8' title="bbox 869 1464 2997 1561; baseline -0 -20"><span class='ocrx_word' id='word_1_49' title='bbox 869 1471 1200 1545; x_wconf 79' lang='lat' dir='ltr'><strong>custodes</strong></span> <span class='ocrx_word' id='word_1_50' title='bbox 1242 1489 1415 1542; x_wconf 87' lang='lat' dir='ltr'><strong>suos</strong></span> <span class='ocrx_word' id='word_1_51' title='bbox 1458 1468 1961 1541; x_wconf 87' lang='lat' dir='ltr'><strong>emolumentis</strong></span> <span class='ocrx_word' id='word_1_52' title='bbox 2003 1468 2384 1559; x_wconf 85' lang='lat' dir='ltr'><strong>privaverit</strong></span> <span class='ocrx_word' id='word_1_53' title='bbox 2421 1464 2549 1561; x_wconf 80' lang='lat'><strong>(5).</strong></span> <span class='ocrx_word' id='word_1_54' title='bbox 2595 1469 2824 1540; x_wconf 87' lang='lat' dir='ltr'><strong>Etiam</strong></span> <span class='ocrx_word' id='word_1_55' title='bbox 2866 1486 2997 1541; x_wconf 93' lang='lat' dir='ltr'><strong>no-</strong></span> 
     </span>
     <span class='ocr_line' id='line_1_9' title="bbox 869 1592 2993 1685; baseline -0.002 -18"><span class='ocrx_word' id='word_1_56' title='bbox 869 1595 1166 1669; x_wconf 86' lang='lat' dir='ltr'><strong>tandum</strong></span> <span class='ocrx_word' id='word_1_57' title='bbox 1198 1602 1308 1666; x_wconf 90' lang='lat' dir='ltr'><strong>est</strong></span> <span class='ocrx_word' id='word_1_58' title='bbox 1336 1595 1781 1685; x_wconf 87' lang='lat' dir='ltr'><strong>protectoris,</strong></span> <span class='ocrx_word' id='word_1_59' title='bbox 1816 1611 2010 1663; x_wconf 87' lang='lat' dir='ltr'><strong>anno</strong></span> <span class='ocrx_word' id='word_1_60' title='bbox 2038 1592 2360 1663; x_wconf 90' lang='lat' dir='ltr'><strong>nondum</strong></span> <span class='ocrx_word' id='word_1_61' title='bbox 2394 1599 2674 1682; x_wconf 89' lang='lat' dir='ltr'><strong>peracto</strong></span> <span class='ocrx_word' id='word_1_62' title='bbox 2709 1593 2993 1673; x_wconf 89' lang='lat' dir='ltr'><strong>mortui,</strong></span> 
     </span>
     <span class='ocr_line' id='line_1_10' title="bbox 867 1714 2519 1811; baseline -0.003 -20"><span class='ocrx_word' id='word_1_63' title='bbox 867 1720 1145 1811; x_wconf 86' lang='lat' dir='ltr'><strong>reliqua</strong></span> <span class='ocrx_word' id='word_1_64' title='bbox 1184 1719 1544 1810; x_wconf 90' lang='lat' dir='ltr'><strong>stipendia</strong></span> <span class='ocrx_word' id='word_1_65' title='bbox 1582 1718 1971 1791; x_wconf 83' lang='lat' dir='ltr'><strong>heredibus</strong></span> <span class='ocrx_word' id='word_1_66' title='bbox 2007 1718 2348 1790; x_wconf 82' lang='lat' dir='ltr'><strong>obvenire</strong></span> <span class='ocrx_word' id='word_1_67' title='bbox 2391 1714 2519 1811; x_wconf 71' lang='lat'><strong>(4).</strong></span> 
     </span>
    </p>

    <p class='ocr_par' dir='ltr' id='par_1_4' title="bbox 861 1841 2999 2674">
     <span class='ocr_line' id='line_1_11' title="bbox 963 1841 2998 1932; baseline -0.001 -17"><span class='ocrx_word' id='word_1_68' title='bbox 963 1844 1380 1916; x_wconf 84' lang='lat' dir='ltr'><strong>Addebatur</strong></span> <span class='ocrx_word' id='word_1_69' title='bbox 1410 1841 1790 1932; x_wconf 88' lang='lat' dir='ltr'><strong>stipendiis</strong></span> <span class='ocrx_word' id='word_1_70' title='bbox 1821 1842 2154 1912; x_wconf 83' lang='lat' dir='ltr'><strong>militaris</strong></span> <span class='ocrx_word' id='word_1_71' title='bbox 2185 1859 2500 1924; x_wconf 87' lang='lat' dir='ltr'><strong>annona,</strong></span> <span class='ocrx_word' id='word_1_72' title='bbox 2540 1861 2754 1932; x_wconf 84' lang='lat' dir='ltr'><strong>quam</strong></span> <span class='ocrx_word' id='word_1_73' title='bbox 2789 1859 2998 1932; x_wconf 91' lang='lat' dir='ltr'><strong>pecu-</strong></span> 
     </span>
     <span class='ocr_line' id='line_1_12' title="bbox 866 1963 2996 2059; baseline -0 -21"><span class='ocrx_word' id='word_1_74' title='bbox 866 1970 1014 2050; x_wconf 85' lang='lat' dir='ltr'><strong>nia,</strong></span> <span class='ocrx_word' id='word_1_75' title='bbox 1071 1994 1104 2030; x_wconf 78' lang='lat'><strong>«</strong></span> <span class='ocrx_word' id='word_1_76' title='bbox 1143 1986 1272 2058; x_wconf 88' lang='lat' dir='ltr'><strong>pro</strong></span> <span class='ocrx_word' id='word_1_77' title='bbox 1305 1985 1543 2038; x_wconf 89' lang='lat' dir='ltr'><strong>rerum</strong></span> <span class='ocrx_word' id='word_1_78' title='bbox 1572 1967 1933 2038; x_wconf 89' lang='lat' dir='ltr'><strong>venalium</strong></span> <span class='ocrx_word' id='word_1_79' title='bbox 1973 1967 2228 2055; x_wconf 81' lang='lat' dir='ltr'><strong>pretio,</strong></span> <span class='ocrx_word' id='word_1_80' title='bbox 2263 1967 2749 2055; x_wconf 85' lang='lat' dir='ltr'><strong>sequebantur</strong></span> <span class='ocrx_word' id='word_1_81' title='bbox 2791 1963 2887 2059; x_wconf 82' lang='lat'><strong>(5)</strong></span> <span class='ocrx_word' id='word_1_82' title='bbox 2925 1993 2996 2037; x_wconf 71' lang='grc' dir='ltr'><strong>ι.</strong></span> 
     </span>
     <span class='ocr_line' id='line_1_13' title="bbox 867 2090 2991 2185; baseline 0 -23"><span class='ocrx_word' id='word_1_83' title='bbox 867 2091 1329 2181; x_wconf 86' lang='lat' dir='ltr'><strong>Quadruplex·</strong></span> <span class='ocrx_word' id='word_1_84' title='bbox 1362 2090 1915 2185; x_wconf 89' lang='lat' dir='ltr'><strong>domesticorum</strong></span> <span class='ocrx_word' id='word_1_85' title='bbox 1958 2109 2246 2160; x_wconf 91' lang='lat' dir='ltr'><strong>annona</strong></span> <span class='ocrx_word' id='word_1_86' title='bbox 2286 2097 2461 2172; x_wconf 82' lang='lat' dir='ltr'><strong>erat,</strong></span> <span class='ocrx_word' id='word_1_87' title='bbox 2503 2091 2626 2179; x_wconf 94' lang='lat' dir='ltr'><strong>qui</strong></span> <span class='ocrx_word' id='word_1_88' title='bbox 2666 2090 2991 2170; x_wconf 83' lang='lat' dir='ltr'><strong>fortasse,</strong></span> 
     </span>
     <span class='ocr_line' id='line_1_14' title="bbox 866 2212 2999 2304; baseline 0 -20"><span class='ocrx_word' id='word_1_89' title='bbox 866 2213 1468 2303; x_wconf 88' lang='lat' dir='ltr'><strong>quemadmodum</strong></span> <span class='ocrx_word' id='word_1_90' title='bbox 1509 2212 1729 2284; x_wconf 92' lang='lat' dir='ltr'><strong>medii</strong></span> <span class='ocrx_word' id='word_1_91' title='bbox 1756 2214 1887 2284; x_wconf 86' lang='lat' dir='ltr'><strong>aevi</strong></span> <span class='ocrx_word' id='word_1_92' title='bbox 1919 2214 2241 2285; x_wconf 89' lang='lat' dir='ltr'><strong>lanciarii</strong></span> <span class='ocrx_word' id='word_1_93' title='bbox 2275 2220 2421 2284; x_wconf 86' lang='lat' dir='ltr'><strong>tres</strong></span> <span class='ocrx_word' id='word_1_94' title='bbox 2454 2214 2811 2296; x_wconf 91' lang='lat' dir='ltr'><strong>homines,</strong></span> <span class='ocrx_word' id='word_1_95' title='bbox 2848 2215 2999 2304; x_wconf 89' lang='lat' dir='ltr'><strong>plu-</strong></span> 
     </span>
     <span class='ocr_line' id='line_1_15' title="bbox 864 2333 2991 2430; baseline -0.001 -21"><span class='ocrx_word' id='word_1_96' title='bbox 864 2339 1084 2409; x_wconf 88' lang='lat' dir='ltr'><strong>rimos</strong></span> <span class='ocrx_word' id='word_1_97' title='bbox 1125 2355 1366 2408; x_wconf 89' lang='lat' dir='ltr'><strong>servos</strong></span> <span class='ocrx_word' id='word_1_98' title='bbox 1406 2338 1588 2407; x_wconf 87' lang='lat' dir='ltr'><strong>circa</strong></span> <span class='ocrx_word' id='word_1_99' title='bbox 1627 2356 1704 2408; x_wconf 93' lang='lat' dir='ltr'><strong>se</strong></span> <span class='ocrx_word' id='word_1_100' title='bbox 1744 2337 2107 2408; x_wconf 87' lang='lat' dir='ltr'><strong>habebant</strong></span> <span class='ocrx_word' id='word_1_101' title='bbox 2153 2333 2283 2430; x_wconf 88' lang='lat'>(6).</span> <span class='ocrx_word' id='word_1_102' title='bbox 2329 2339 2515 2425; x_wconf 85' lang='lat' dir='ltr'><strong>Sena</strong></span> <span class='ocrx_word' id='word_1_103' title='bbox 2554 2356 2839 2427; x_wconf 94' lang='lat' dir='ltr'><strong>quoque</strong></span> <span class='ocrx_word' id='word_1_104' title='bbox 2878 2356 2991 2409; x_wconf 88' lang='lat' dir='ltr'><strong>ca-</strong></span> 
     </span>
     <span class='ocr_line' id='line_1_16' title="bbox 862 2461 2995 2553; baseline -0.001 -20"><span class='ocrx_word' id='word_1_105' title='bbox 862 2463 1053 2553; x_wconf 89' lang='lat' dir='ltr'><strong>pita,</strong></span> <span class='ocrx_word' id='word_1_106' title='bbox 1110 2461 1186 2533; x_wconf 92' lang='lat' dir='ltr'><strong>id</strong></span> <span class='ocrx_word' id='word_1_107' title='bbox 1239 2466 1348 2533; x_wconf 92' lang='lat' dir='ltr'><strong>est</strong></span> <span class='ocrx_word' id='word_1_108' title='bbox 1419 2480 1539 2532; x_wconf 85' lang='lat' dir='ltr'><strong>sex</strong></span> <span class='ocrx_word' id='word_1_109' title='bbox 1607 2461 1855 2552; x_wconf 88' lang='lat' dir='ltr'><strong>pabuli</strong></span> <span class='ocrx_word' id='word_1_110' title='bbox 1925 2461 2275 2543; x_wconf 87' lang='lat' dir='ltr'><strong>rationes,</strong></span> <span class='ocrx_word' id='word_1_111' title='bbox 2334 2461 2776 2550; x_wconf 77' lang='lat' dir='ltr'><strong>accipiebant</strong></span> <span class='ocrx_word' id='word_1_112' title='bbox 2820 2485 2836 2529; x_wconf 75' lang='grc' dir='ltr'>ε</span> <span class='ocrx_word' id='word_1_113' title='bbox 2881 2461 2995 2531; x_wconf 92' lang='lat' dir='ltr'><strong>his</strong></span> 
     </span>
     <span class='ocr_line' id='line_1_17' title="bbox 861 2585 1997 2674; baseline -0.002 -17"><span class='ocrx_word' id='word_1_114' title='bbox 861 2585 1097 2658; x_wconf 89' lang='lat' dir='ltr'><strong>hercle</strong></span> <span class='ocrx_word' id='word_1_115' title='bbox 1135 2604 1282 2657; x_wconf 93' lang='lat' dir='ltr'><strong>non</strong></span> <span class='ocrx_word' id='word_1_116' title='bbox 1318 2603 1509 2657; x_wconf 88' lang='lat' dir='ltr'><strong>unus</strong></span> <span class='ocrx_word' id='word_1_117' title='bbox 1552 2603 1780 2674; x_wconf 88' lang='lat' dir='ltr'><strong>equus</strong></span> <span class='ocrx_word' id='word_1_118' title='bbox 1822 2592 1997 2655; x_wconf 88' lang='lat' dir='ltr'><strong>erat.</strong></span> 
     </span>
    </p>

    <p class='ocr_par' dir='ltr' id='par_1_5' title="bbox 863 2709 2992 2927">
     <span class='ocr_line' id='line_1_18' title="bbox 960 2709 2992 2810; baseline -0.001 -27"><span class='ocrx_word' id='word_1_119' title='bbox 960 2712 1289 2802; x_wconf 90' lang='lat' dir='ltr'><strong>Deputati</strong></span> <span class='ocrx_word' id='word_1_120' title='bbox 1323 2717 1763 2810; x_wconf 63' lang='lat' dir='ltr'><strong>protectores⁸</strong></span> <span class='ocrx_word' id='word_1_121' title='bbox 1788 2717 1857 2781; x_wconf 93' lang='lat' dir='ltr'><strong>et</strong></span> <span class='ocrx_word' id='word_1_122' title='bbox 1878 2709 2275 2793; x_wconf 89' lang='lat' dir='ltr'><strong>domestici,</strong></span> <span class='ocrx_word' id='word_1_123' title='bbox 2305 2718 2385 2783; x_wconf 91' lang='lat' dir='ltr'><strong>ut</strong></span> <span class='ocrx_word' id='word_1_124' title='bbox 2405 2710 2741 2793; x_wconf 92' lang='lat' dir='ltr'><strong>vidimus,</strong></span> <span class='ocrx_word' id='word_1_125' title='bbox 2769 2730 2992 2782; x_wconf 89' lang='lat' dir='ltr'><strong>anno-</strong></span> 
     </span>
     <span class='ocr_line' id='line_1_19' title="bbox 863 2835 2990 2927; baseline 0 -20"><span class='ocrx_word' id='word_1_126' title='bbox 863 2856 994 2907; x_wconf 88' lang='lat' dir='ltr'><strong>nas</strong></span> <span class='ocrx_word' id='word_1_127' title='bbox 1044 2857 1086 2908; x_wconf 92' lang='lat' dir='ltr'><strong>a</strong></span> <span class='ocrx_word' id='word_1_128' title='bbox 1125 2836 1683 2927; x_wconf 88' lang='lat' dir='ltr'><strong>provincialibus</strong></span> <span class='ocrx_word' id='word_1_129' title='bbox 1729 2835 2226 2907; x_wconf 89' lang='lat' dir='ltr'><strong>tantummodo</strong></span> <span class='ocrx_word' id='word_1_130' title='bbox 2276 2843 2426 2907; x_wconf 89' lang='lat' dir='ltr'><strong>tum</strong></span> <span class='ocrx_word' id='word_1_131' title='bbox 2472 2837 2751 2926; x_wconf 85' lang='lat' dir='ltr'><strong>exigere</strong></span> <span class='ocrx_word' id='word_1_132' title='bbox 2797 2844 2990 2926; x_wconf 91' lang='lat' dir='ltr'><strong>pote-</strong></span> 
     </span>
    </p>
   </div>
   <div class='ocr_carea' id='block_1_3' title="bbox 855 3084 2991 4045">
    <p class='ocr_par' dir='ltr' id='par_1_6' title="bbox 925 3084 1789 3152">
     <span class='ocr_line' id='line_1_20' title="bbox 925 3084 1789 3152; baseline -0.003 -13"><span class='ocrx_word' id='word_1_133' title='bbox 925 3088 991 3152; x_wconf 85' lang='lat'><strong>(1)</strong></span> <span class='ocrx_word' id='word_1_134' title='bbox 1020 3086 1389 3149; x_wconf 72' lang='lat' dir='ltr'><strong>CassiodoruS,</strong></span> <span class='ocrx_word' id='word_1_135' title='bbox 1422 3088 1602 3147; x_wconf 77' lang='lat' dir='ltr'><strong>Variae,</strong></span> <span class='ocrx_word' id='word_1_136' title='bbox 1641 3087 1682 3141; x_wconf 86' lang='grc'><strong>1.</strong></span> <span class='ocrx_word' id='word_1_137' title='bbox 1714 3084 1789 3136; x_wconf 87' lang='grc'><strong>10.</strong></span> 
     </span>
    </p>

    <p class='ocr_par' dir='ltr' id='par_1_7' title="bbox 856 3174 2991 3592">
     <span class='ocr_line' id='line_1_21' title="bbox 919 3174 2988 3240; baseline -0 -15"><span class='ocrx_word' id='word_1_138' title='bbox 919 3176 991 3240; x_wconf 81' lang='lat'><strong>(2)</strong></span> <span class='ocrx_word' id='word_1_139' title='bbox 1021 3175 1196 3236; x_wconf 88' lang='lat' dir='ltr'><strong>Quum</strong></span> <span class='ocrx_word' id='word_1_140' title='bbox 1236 3176 1440 3225; x_wconf 84' lang='lat' dir='ltr'><strong>ducena</strong></span> <span class='ocrx_word' id='word_1_141' title='bbox 1468 3175 1634 3223; x_wconf 83' lang='lat' dir='ltr'><strong>millia</strong></span> <span class='ocrx_word' id='word_1_142' title='bbox 1666 3175 1970 3223; x_wconf 85' lang='lat' dir='ltr'><strong>sestertium</strong></span> <span class='ocrx_word' id='word_1_143' title='bbox 2005 3175 2142 3224; x_wconf 86' lang='lat' dir='ltr'><strong>idem</strong></span> <span class='ocrx_word' id='word_1_144' title='bbox 2173 3181 2377 3236; x_wconf 85' lang='lat' dir='ltr'><strong>essent,</strong></span> <span class='ocrx_word' id='word_1_145' title='bbox 2410 3174 2694 3224; x_wconf 81' lang='lat' dir='ltr'><strong>Domitiani</strong></span> <span class='ocrx_word' id='word_1_146' title='bbox 2722 3181 2954 3239; x_wconf 88' lang='lat' dir='ltr'><strong>tempore</strong></span> <span class='ocrx_word' id='word_1_147' title='bbox 2976 3213 2988 3233; x_wconf 91' lang='lat'><strong>,</strong></span> 
     </span>
     <span class='ocr_line' id='line_1_22' title="bbox 860 3247 2989 3328; baseline -0.002 -13"><span class='ocrx_word' id='word_1_148' title='bbox 860 3270 1016 3327; x_wconf 84' lang='lat' dir='ltr'><strong>atque</strong></span> <span class='ocrx_word' id='word_1_149' title='bbox 1044 3265 1149 3314; x_wconf 88' lang='lat' dir='ltr'><strong>duo</strong></span> <span class='ocrx_word' id='word_1_150' title='bbox 1177 3266 1340 3314; x_wconf 82' lang='lat' dir='ltr'><strong>millia</strong></span> <span class='ocrx_word' id='word_1_151' title='bbox 1363 3279 1645 3313; x_wconf 85' lang='lat' dir='ltr'><strong>aureorum</strong></span> <span class='ocrx_word' id='word_1_152' title='bbox 1674 3265 1966 3314; x_wconf 83' lang='lat' dir='ltr'><strong>solidorum</strong></span> <span class='ocrx_word' id='word_1_153' title='bbox 1992 3304 2001 3321; x_wconf 95' lang='lat'><strong>,</strong></span> <span class='ocrx_word' id='word_1_154' title='bbox 2033 3278 2300 3328; x_wconf 86' lang='lat' dir='ltr'><strong>quumque</strong></span> <span class='ocrx_word' id='word_1_155' title='bbox 2326 3265 2527 3313; x_wconf 82' lang='lat' dir='ltr'><strong>solidus</strong></span> <span class='ocrx_word' id='word_1_156' title='bbox 2553 3247 2775 3317; x_wconf 73' lang='lat' dir='ltr'><strong>aureus.</strong></span> <span class='ocrx_word' id='word_1_157' title='bbox 2803 3265 2925 3313; x_wconf 89' lang='lat' dir='ltr'><strong>inde</strong></span> <span class='ocrx_word' id='word_1_158' title='bbox 2958 3280 2989 3311; x_wconf 87' lang='lat' dir='ltr'><strong>a</strong></span> 
     </span>
     <span class='ocr_line' id='line_1_23' title="bbox 857 3351 2991 3417; baseline -0.001 -13"><span class='ocrx_word' id='word_1_159' title='bbox 857 3352 1059 3404; x_wconf 80' lang='lat' dir='ltr'><strong>Juliani</strong></span> <span class='ocrx_word' id='word_1_160' title='bbox 1102 3358 1336 3417; x_wconf 84' lang='lat' dir='ltr'><strong>tempore</strong></span> <span class='ocrx_word' id='word_1_161' title='bbox 1373 3351 1712 3416; x_wconf 87' lang='lat' dir='ltr'><strong>(Mommsen,</strong></span> <span class='ocrx_word' id='word_1_162' title='bbox 1759 3367 1810 3415; x_wconf 87' lang='lat' dir='ltr'><strong>p.</strong></span> <span class='ocrx_word' id='word_1_163' title='bbox 1848 3352 1990 3410; x_wconf 73' lang='lat'><strong>778),</strong></span> <span class='ocrx_word' id='word_1_164' title='bbox 2036 3353 2193 3402; x_wconf 90' lang='lat' dir='ltr'><strong>modo</strong></span> <span class='ocrx_word' id='word_1_165' title='bbox 2227 3368 2256 3402; x_wconf 89' lang='lat' dir='ltr'><strong>e</strong></span> <span class='ocrx_word' id='word_1_166' title='bbox 2290 3354 2520 3415; x_wconf 88' lang='lat' dir='ltr'><strong>quinque</strong></span> <span class='ocrx_word' id='word_1_167' title='bbox 2556 3355 2711 3403; x_wconf 86' lang='lat' dir='ltr'><strong>nonis</strong></span> <span class='ocrx_word' id='word_1_168' title='bbox 2754 3355 2991 3417; x_wconf 83' lang='lat' dir='ltr'><strong>partibus</strong></span> 
     </span>
     <span class='ocr_line' id='line_1_24' title="bbox 856 3440 2989 3505; baseline -0.001 -14"><span class='ocrx_word' id='word_1_169' title='bbox 856 3442 1003 3491; x_wconf 77' lang='lat' dir='ltr'><strong>aurei</strong></span> <span class='ocrx_word' id='word_1_170' title='bbox 1031 3442 1233 3503; x_wconf 85' lang='lat' dir='ltr'><strong>antiqui</strong></span> <span class='ocrx_word' id='word_1_171' title='bbox 1269 3443 1537 3491; x_wconf 83' lang='lat' dir='ltr'><strong>constaret</strong></span> <span class='ocrx_word' id='word_1_172' title='bbox 1556 3479 1567 3500; x_wconf 94' lang='lat'><strong><em>‚</em></strong></span> <span class='ocrx_word' id='word_1_173' title='bbox 1596 3445 1654 3489; x_wconf 90' lang='lat' dir='ltr'><strong>ut</strong></span> <span class='ocrx_word' id='word_1_174' title='bbox 1684 3441 1825 3489; x_wconf 88' lang='lat' dir='ltr'><strong>idem</strong></span> <span class='ocrx_word' id='word_1_175' title='bbox 1853 3440 2173 3503; x_wconf 88' lang='lat' dir='ltr'><strong>stipendium</strong></span> <span class='ocrx_word' id='word_1_176' title='bbox 2208 3446 2471 3490; x_wconf 85' lang='lat' dir='ltr'><strong>mererent</strong></span> <span class='ocrx_word' id='word_1_177' title='bbox 2503 3445 2856 3505; x_wconf 74' lang='lat' dir='ltr'><strong>protectoreS,</strong></span> <span class='ocrx_word' id='word_1_178' title='bbox 2889 3442 2989 3490; x_wconf 86' lang='lat' dir='ltr'><strong>tria</strong></span> 
     </span>
     <span class='ocr_line' id='line_1_25' title="bbox 861 3529 2116 3592; baseline 0 -14"><span class='ocrx_word' id='word_1_179' title='bbox 861 3530 1031 3579; x_wconf 81' lang='lat' dir='ltr'><strong>millia</strong></span> <span class='ocrx_word' id='word_1_180' title='bbox 1055 3536 1335 3579; x_wconf 86' lang='lat' dir='ltr'><strong>sexcentos</strong></span> <span class='ocrx_word' id='word_1_181' title='bbox 1362 3543 1550 3578; x_wconf 80' lang='lat' dir='ltr'><strong>aureos</strong></span> <span class='ocrx_word' id='word_1_182' title='bbox 1573 3530 1815 3592; x_wconf 84' lang='lat' dir='ltr'><strong>accipere</strong></span> <span class='ocrx_word' id='word_1_183' title='bbox 1842 3529 2116 3589; x_wconf 83' lang='lat' dir='ltr'><strong>debebant.</strong></span> 
     </span>
    </p>

    <p class='ocr_par' dir='ltr' id='par_1_8' title="bbox 920 3616 2428 3683">
     <span class='ocr_line' id='line_1_26' title="bbox 920 3616 2428 3683; baseline -0.001 -14"><span class='ocrx_word' id='word_1_184' title='bbox 920 3618 992 3683; x_wconf 84' lang='lat'><strong>(3)</strong></span> <span class='ocrx_word' id='word_1_185' title='bbox 1023 3618 1342 3682; x_wconf 73' lang='lat' dir='ltr'><strong>ProcopiuS,</strong></span> <span class='ocrx_word' id='word_1_186' title='bbox 1370 3616 1632 3677; x_wconf 83' lang='lat' dir='ltr'><strong>Anecdota,</strong></span> <span class='ocrx_word' id='word_1_187' title='bbox 1661 3617 1741 3679; x_wconf 80' lang='lat'><strong>24,</strong></span> <span class='ocrx_word' id='word_1_188' title='bbox 1769 3618 1853 3667; x_wconf 87' lang='lat' dir='ltr'><strong>ed.</strong></span> <span class='ocrx_word' id='word_1_189' title='bbox 1884 3621 2065 3675; x_wconf 81' lang='lat' dir='ltr'><strong>bonn..</strong></span> <span class='ocrx_word' id='word_1_190' title='bbox 2099 3619 2205 3680; x_wconf 90' lang='grc' dir='ltr'>ΙΙΙ,</span> <span class='ocrx_word' id='word_1_191' title='bbox 2236 3633 2288 3682; x_wconf 90' lang='lat' dir='ltr'><strong>p.</strong></span> <span class='ocrx_word' id='word_1_192' title='bbox 2323 3619 2428 3669; x_wconf 82' lang='lat'><strong>137.</strong></span> 
     </span>
    </p>

    <p class='ocr_par' dir='ltr' id='par_1_9' title="bbox 855 3707 2989 4045">
     <span class='ocr_line' id='line_1_27' title="bbox 917 3707 2984 3778; baseline 0 -20"><span class='ocrx_word' id='word_1_193' title='bbox 917 3708 1115 3772; x_wconf 86' lang='lat'>(4)1110</span> <span class='ocrx_word' id='word_1_194' title='bbox 1158 3709 1312 3758; x_wconf 89' lang='lat' dir='ltr'><strong>modo</strong></span> <span class='ocrx_word' id='word_1_195' title='bbox 1358 3709 1528 3778; x_wconf 67' lang='lat' dir='ltr'><strong>legem</strong></span> <span class='ocrx_word' id='word_1_196' title='bbox 1569 3707 1617 3758; x_wconf 86' lang='lat' dir='ltr'><strong>G.</strong></span> <span class='ocrx_word' id='word_1_197' title='bbox 1662 3708 1750 3769; x_wconf 66' lang='lat' dir='ltr'><strong>th„</strong></span> <span class='ocrx_word' id='word_1_198' title='bbox 1789 3707 1838 3768; x_wconf 93' lang='lat'><strong>6,</strong></span> <span class='ocrx_word' id='word_1_199' title='bbox 1874 3707 1955 3765; x_wconf 78' lang='lat'><strong>24.</strong></span> <span class='ocrx_word' id='word_1_200' title='bbox 1999 3708 2086 3770; x_wconf 89' lang='grc'><strong>11,</strong></span> <span class='ocrx_word' id='word_1_201' title='bbox 2126 3722 2249 3758; x_wconf 87' lang='lat' dir='ltr'><strong>cum</strong></span> <span class='ocrx_word' id='word_1_202' title='bbox 2299 3707 2570 3772; x_wconf 82' lang='lat' dir='ltr'><strong>Godefroy</strong></span> <span class='ocrx_word' id='word_1_203' title='bbox 2621 3712 2937 3774; x_wconf 83' lang='lat' dir='ltr'><strong>interpretor</strong></span> <span class='ocrx_word' id='word_1_204' title='bbox 2972 3726 2984 3759; x_wconf 72' lang='grc' dir='ltr'><strong>ι</strong></span> 
     </span>
     <span class='ocr_line' id='line_1_28' title="bbox 856 3797 2989 3861; baseline 0 -14"><span class='ocrx_word' id='word_1_205' title='bbox 856 3798 1106 3849; x_wconf 78' lang='lat' dir='ltr'><strong>Fructus</strong></span> <span class='ocrx_word' id='word_1_206' title='bbox 1157 3797 1552 3860; x_wconf 84' lang='lat' dir='ltr'><strong>(emolumenta)</strong></span> <span class='ocrx_word' id='word_1_207' title='bbox 1614 3798 1867 3847; x_wconf 81' lang='lat' dir='ltr'><strong>domesticis</strong></span> <span class='ocrx_word' id='word_1_208' title='bbox 1925 3799 2061 3859; x_wconf 83' lang='lat' dir='ltr'><strong>impio</strong></span> <span class='ocrx_word' id='word_1_209' title='bbox 2110 3800 2297 3848; x_wconf 86' lang='lat' dir='ltr'><strong>termino</strong></span> <span class='ocrx_word' id='word_1_210' title='bbox 2358 3800 2750 3861; x_wconf 77' lang='lat' dir='ltr'><strong>consequentibus,</strong></span> <span class='ocrx_word' id='word_1_211' title='bbox 2808 3802 2989 3850; x_wconf 83' lang='lat' dir='ltr'><strong>etiamsi</strong></span> 
     </span>
     <span class='ocr_line' id='line_1_29' title="bbox 855 3887 2984 3952; baseline 0 -15"><span class='ocrx_word' id='word_1_212' title='bbox 855 3887 1114 3937; x_wconf 80' lang='lat' dir='ltr'><strong>mortalitas</strong></span> <span class='ocrx_word' id='word_1_213' title='bbox 1158 3888 1453 3937; x_wconf 70' lang='lat' dir='ltr'><strong>intervenerit</strong></span> <span class='ocrx_word' id='word_1_214' title='bbox 1500 3887 1565 3950; x_wconf 90' lang='lat' dir='ltr'><strong>(i.</strong></span> <span class='ocrx_word' id='word_1_215' title='bbox 1611 3901 1657 3935; x_wconf 88' lang='lat' dir='ltr'><strong>e.</strong></span> <span class='ocrx_word' id='word_1_216' title='bbox 1703 3901 1842 3935; x_wconf 84' lang='lat' dir='ltr'><strong>anno</strong></span> <span class='ocrx_word' id='word_1_217' title='bbox 1884 3887 2120 3936; x_wconf 90' lang='lat' dir='ltr'><strong>nondum</strong></span> <span class='ocrx_word' id='word_1_218' title='bbox 2154 3889 2427 3951; x_wconf 84' lang='lat' dir='ltr'><strong>peracto).</strong></span> <span class='ocrx_word' id='word_1_219' title='bbox 2464 3892 2614 3951; x_wconf 82' lang='lat' dir='ltr'><strong>perire</strong></span> <span class='ocrx_word' id='word_1_220' title='bbox 2651 3904 2742 3938; x_wconf 87' lang='lat' dir='ltr'><strong>non</strong></span> <span class='ocrx_word' id='word_1_221' title='bbox 2776 3892 2984 3952; x_wconf 81' lang='lat' dir='ltr'><strong>possint,-</strong></span> 
     </span>
     <span class='ocr_line' id='line_1_30' title="bbox 855 3975 2987 4045; baseline 0.001 -21"><span class='ocrx_word' id='word_1_222' title='bbox 855 3976 963 4035; x_wconf 60' lang='grc' dir='ltr'><strong>θεά,</strong></span> <span class='ocrx_word' id='word_1_223' title='bbox 1012 3976 1201 4036; x_wconf 76' lang='lat' dir='ltr'><strong>quodam</strong></span> <span class='ocrx_word' id='word_1_224' title='bbox 1249 3975 1377 4025; x_wconf 84' lang='lat' dir='ltr'><strong>modo</strong></span> <span class='ocrx_word' id='word_1_225' title='bbox 1412 3981 1664 4038; x_wconf 78' lang='lat' dir='ltr'><strong>superstes,</strong></span> <span class='ocrx_word' id='word_1_226' title='bbox 1719 3976 1817 4025; x_wconf 83' lang='lat' dir='ltr'><strong>iltis</strong></span> <span class='ocrx_word' id='word_1_227' title='bbox 1869 3976 2026 4025; x_wconf 81' lang='lat' dir='ltr'><strong>solatii</strong></span> <span class='ocrx_word' id='word_1_228' title='bbox 2062 3981 2265 4026; x_wconf 84' lang='lat' dir='ltr'><strong>servetur</strong></span> <span class='ocrx_word' id='word_1_229' title='bbox 2301 3978 2473 4045; x_wconf 78' lang='lat' dir='ltr'><strong>occasio</strong></span> <span class='ocrx_word' id='word_1_230' title='bbox 2515 3978 2669 4040; x_wconf 83' lang='lat' dir='ltr'><strong>(quia</strong></span> <span class='ocrx_word' id='word_1_231' title='bbox 2715 3979 2987 4040; x_wconf 84' lang='lat' dir='ltr'><strong>proximos</strong></span> 
     </span>
    </p>
   </div>
   <div class='ocr_carea' id='block_1_4' title="bbox 857 4064 2983 4218">
    <p class='ocr_par' dir='ltr' id='par_1_10' title="bbox 857 4064 2983 4218">
     <span class='ocr_line' id='line_1_31' title="bbox 857 4064 1608 4126; baseline 0 -13"><span class='ocrx_word' id='word_1_232' title='bbox 857 4065 1016 4113; x_wconf 88' lang='lat' dir='ltr'><strong>etiam</strong></span> <span class='ocrx_word' id='word_1_233' title='bbox 1041 4064 1236 4113; x_wconf 84' lang='lat' dir='ltr'><strong>mortui</strong></span> <span class='ocrx_word' id='word_1_234' title='bbox 1272 4065 1608 4126; x_wconf 83' lang='lat' dir='ltr'><strong>sustentant).</strong></span> 
     </span>
     <span class='ocr_line' id='line_1_32' title="bbox 915 4152 2983 4218; baseline 0.001 -17"><span class='ocrx_word' id='word_1_235' title='bbox 915 4153 984 4218; x_wconf 85' lang='lat'><strong>(5)</strong></span> <span class='ocrx_word' id='word_1_236' title='bbox 1022 4153 1073 4204; x_wconf 88' lang='lat' dir='ltr'><strong>G.</strong></span> <span class='ocrx_word' id='word_1_237' title='bbox 1115 4155 1210 4215; x_wconf 60' lang='lat' dir='ltr'><strong>th„</strong></span> <span class='ocrx_word' id='word_1_238' title='bbox 1242 4153 1300 4215; x_wconf 85' lang='lat'><strong>7,</strong></span> <span class='ocrx_word' id='word_1_239' title='bbox 1332 4152 1387 4208; x_wconf 83' lang='lat'><strong>4.</strong></span> <span class='ocrx_word' id='word_1_240' title='bbox 1427 4152 1481 4204; x_wconf 90' lang='grc'><strong>10</strong></span> <span class='ocrx_word' id='word_1_241' title='bbox 1517 4173 1528 4201; x_wconf 91' lang='lat'><strong>:</strong></span> <span class='ocrx_word' id='word_1_242' title='bbox 1561 4155 1845 4204; x_wconf 79' lang='lat' dir='ltr'><strong>Protectores</strong></span> <span class='ocrx_word' id='word_1_243' title='bbox 1872 4153 1970 4215; x_wconf 81' lang='lat' dir='ltr'><strong>fori</strong></span> <span class='ocrx_word' id='word_1_244' title='bbox 2004 4167 2157 4202; x_wconf 82' lang='lat' dir='ltr'><strong>rerum</strong></span> <span class='ocrx_word' id='word_1_245' title='bbox 2192 4155 2445 4217; x_wconf 81' lang='lat' dir='ltr'><strong>venalium,</strong></span> <span class='ocrx_word' id='word_1_246' title='bbox 2477 4157 2615 4215; x_wconf 72' lang='lat' dir='ltr'><strong>juxta</strong></span> <span class='ocrx_word' id='word_1_247' title='bbox 2645 4156 2811 4204; x_wconf 79' lang='lat' dir='ltr'><strong>veteris</strong></span> <span class='ocrx_word' id='word_1_248' title='bbox 2845 4156 2983 4204; x_wconf 81' lang='lat' dir='ltr'><strong>moris</strong></span> 
     </span>
    </p>
   </div>
   <div class='ocr_carea' id='block_1_5' title="bbox 855 4242 2615 4395">
    <p class='ocr_par' dir='ltr' id='par_1_11' title="bbox 855 4242 2615 4395">
     <span class='ocr_line' id='line_1_33' title="bbox 855 4242 2615 4305; baseline 0.001 -14"><span class='ocrx_word' id='word_1_249' title='bbox 855 4242 1211 4304; x_wconf 81' lang='lat' dir='ltr'><strong>observantiam,</strong></span> <span class='ocrx_word' id='word_1_250' title='bbox 1240 4245 1290 4292; x_wconf 86' lang='lat' dir='ltr'><strong>in</strong></span> <span class='ocrx_word' id='word_1_251' title='bbox 1314 4256 1593 4292; x_wconf 85' lang='lat' dir='ltr'><strong>annonarum</strong></span> <span class='ocrx_word' id='word_1_252' title='bbox 1620 4256 1802 4292; x_wconf 83' lang='lat' dir='ltr'><strong>suarum</strong></span> <span class='ocrx_word' id='word_1_253' title='bbox 1828 4244 2051 4293; x_wconf 86' lang='lat' dir='ltr'><strong>commoda</strong></span> <span class='ocrx_word' id='word_1_254' title='bbox 2068 4281 2079 4303; x_wconf 94' lang='lat'><strong>,</strong></span> <span class='ocrx_word' id='word_1_255' title='bbox 2099 4245 2248 4304; x_wconf 81' lang='lat' dir='ltr'><strong>pretia</strong></span> <span class='ocrx_word' id='word_1_256' title='bbox 2274 4251 2615 4305; x_wconf 79' lang='lat' dir='ltr'><strong>consequantur.</strong></span> 
     </span>
     <span class='ocr_line' id='line_1_34' title="bbox 915 4330 1765 4395; baseline -0.001 -15"><span class='ocrx_word' id='word_1_257' title='bbox 915 4330 988 4395; x_wconf 85' lang='grc'>(6)</span> <span class='ocrx_word' id='word_1_258' title='bbox 1014 4330 1064 4381; x_wconf 83' lang='lat' dir='ltr'><strong>G.</strong></span> <span class='ocrx_word' id='word_1_259' title='bbox 1098 4333 1184 4392; x_wconf 65' lang='lat' dir='ltr'><strong>th„</strong></span> <span class='ocrx_word' id='word_1_260' title='bbox 1212 4331 1258 4392; x_wconf 89' lang='grc'><strong>6,</strong></span> <span class='ocrx_word' id='word_1_261' title='bbox 1290 4331 1368 4387; x_wconf 74' lang='lat'><strong>24.</strong></span> <span class='ocrx_word' id='word_1_262' title='bbox 1399 4333 1415 4382; x_wconf 91' lang='grc'><strong>1</strong></span> <span class='ocrx_word' id='word_1_263' title='bbox 1447 4348 1459 4393; x_wconf 84' lang='grc'><strong>;</strong></span> <span class='ocrx_word' id='word_1_264' title='bbox 1495 4331 1568 4381; x_wconf 73' lang='lat' dir='ltr'><strong>cf.</strong></span> <span class='ocrx_word' id='word_1_265' title='bbox 1602 4345 1652 4394; x_wconf 88' lang='lat' dir='ltr'><strong>p.</strong></span> <span class='ocrx_word' id='word_1_266' title='bbox 1689 4331 1765 4380; x_wconf 82' lang='lat'><strong>17.</strong></span> 
     </span>
    </p>
   </div>
   <div class='ocr_carea' id='block_1_6' title="bbox 3444 21 3467 1685">
    <p class='ocr_par' dir='ltr' id='par_1_12' title="bbox 3444 21 3467 1685">
     <span class='ocr_line' id='line_1_35' title="bbox 3444 21 3467 1685; baseline 0 0"><span class='ocrx_word' id='word_1_267' title='bbox 3444 21 3467 1685; x_wconf 95' lang='lat' dir='ltr'><strong> </strong></span> 
     </span>
    </p>
   </div>
   <div class='ocr_carea' id='block_1_7' title="bbox 3448 1834 3464 3266">
    <p class='ocr_par' dir='ltr' id='par_1_13' title="bbox 3448 1834 3464 3266">
     <span class='ocr_line' id='line_1_36' title="bbox 3448 1834 3464 3266; baseline 0 0"><span class='ocrx_word' id='word_1_268' title='bbox 3448 1834 3464 3266; x_wconf 95' lang='lat' dir='ltr'><strong> </strong></span> 
     </span>
    </p>
   </div>
   <div class='ocr_carea' id='block_1_8' title="bbox 3450 3447 3462 4171">
    <p class='ocr_par' dir='ltr' id='par_1_14' title="bbox 3450 3447 3462 4171">
     <span class='ocr_line' id='line_1_37' title="bbox 3450 3447 3462 4171; baseline 0 0"><span class='ocrx_word' id='word_1_269' title='bbox 3450 3447 3462 4171; x_wconf 95' lang='lat' dir='ltr'><strong> </strong></span> 
     </span>
    </p>
   </div>
  </div>
 </body>
</html>
