3488 5421
54 3901 77 4162 j-u--ru‘nssU
54 3823 67 3886 *Γ
52 3791 53 3800 ⁴
50 3745 51 3766 ⁴

1310 631 1321 636 ’
1358 670 1436 681 -
1477 634 1547 697 81
1595 670 1674 682 -

548 774 751 861 Quod
793 776 854 847 si
892 781 1170 847 tantum
1211 776 1367 846 auri
1421 774 1841 866 argentique
1878 774 1953 846 in
1992 792 2191 846 arma
2228 782 2298 847 et
2345 782 2575 848 vestes

380 963 384 967 .
451 908 924 993 protectorum
992 907 1403 992 congestum
1475 907 1666 982 erat,
1723 907 1828 972 tot
1890 917 2186 992 gemmae
2249 900 2530 974 diffusae
2553 955 2571 983 ,

451 1024 858 1096 mirandum
900 1024 1105 1112 valde
1142 1024 1653 1115 spectaculum,
1687 1032 1758 1097 et
1795 1043 1838 1095 a
1878 1031 2125 1097 nostra
2161 1031 2370 1098 aetate
2407 1026 2577 1099 alie-

454 1148 873 1231 nissimum,
929 1147 1260 1220 custodes
1324 1148 1506 1220 sacri
1559 1148 1804 1222 lateris
1854 1149 2079 1221 oculis
2130 1149 2574 1240 praebebant.

451 1273 694 1364 Neque
730 1258 1051 1364 unquam
1093 1273 1475 1364 scriptores
1523 1273 1805 1363 antiqui
1845 1291 1993 1344 non
2040 1273 2379 1345 laudibus
2419 1293 2581 1366 pro-

456 1404 856 1487 sequuntur
887 1425 918 1463 ‹
949 1399 1361 1471 comitatum
1401 1398 1977 1490 imperatorium,
2015 1416 2357 1488 armaque
2392 1400 2577 1489 eJus‚

454 1523 767 1594 colorum
808 1522 1144 1595 micantia
1183 1522 1610 1595 claritudine
1646 1520 1759 1616 (1)
1797 1549 1827 1587 ι
1850 1577 1866 1594 .
1915 1522 2102 1594 Audi
2143 1523 2531 1614 Corippum
2558 1576 2577 1611 ‚

457 1663 614 1717 cum
646 1645 857 1717 solita
883 1645 1357 1717 admiratione
1395 1643 1485 1717 de
1513 1645 1768 1717 aulicis
1805 1645 2251 1718 caeremoniis
2283 1645 2583 1734 loquen-

460 1776 598 1839 tem
643 1767 737 1863 (2)
792 1794 808 1839 :

768 1996 886 2047 Hinc
912 2003 1088 2048 amata
1119 2011 1275 2048 manus
1303 1998 1506 2048 deaetram
1536 1999 1776 2060 laevamque
1806 2002 1958 2049 tuetur

766 2085 960 2136 Gaesarei
988 2087 1179 2147 lateris,·
1205 2087 1372 2151 clypeis
1395 2087 1476 2150 pia
1503 2091 1630 2150 terya
1660 2086 1838 2150 tepebat

769 2176 935 2240 Inqens
963 2175 1197 2226 excubitus
1206 2191 1227 2239 ‚-
1249 2181 1634 2238 proteo-torumque
1658 2176 1909 2239 phalanqes

769 2265 1019 2327 Fulyebant
1045 2265 1187 2314 rutilo
1208 2264 1320 2326 pilis
1347 2265 1681 2327 splendentibus
1706 2279 1838 2316 auro.

463 2541 673 2591 comitis
708 2546 799 2591 aut
837 2542 892 2591 in
938 2541 1172 2592 cubiculi
1214 2541 1476 2591 vestibulo
1521 2553 1679 2602 super
1719 2552 1957 2590 mensam
1993 2539 2164 2602 posita
2206 2544 2353 2600 erat3
2392 2539 2458 2589 de
2503 2540 2587 2588 his

461 2631 654 2681 tabulis
682 2629 917 2694 Lydum,
945 2631 1164 2692 Demaq„
1191 2628 1368 2691 2,17;
1401 2629 1508 2680 God.
1543 2631 1627 2688 th„
1659 2627 1828 2690 8,1t,
1852 2627 1905 2689 43
1943 2627 2025 2689 ¹3,
2056 2627 2116 2689 4,
2148 2628 2203 2684 4;
2242 2629 2329 2688 15,
2364 2628 2419 2689 4,
2452 2627 2504 2690 1,
2535 2634 2587 2678 et

464 2718 733 2783 Godefroy
758 2720 1214 2771 commentarium.

521 2808 587 2874 (l)
614 2810 791 2862 Amm.
823 2808 1005 2870 Marc„
1025 2809 1104 2866 31.
1138 2809 1210 2870 10,
1244 2808 1292 2859 9.
1325 2809 1397 2859 14.
1429 2807 1625 2873 Fulgor
1646 2822 1916 2859 armorum
1945 2809 2154 2858 nuntiat
2183 2808 2553 2873 imperatorem
2577 2848 2588 2865 .

463 2899 539 2948 ait
565 2896 850 2961 Synesius,
896 2898 1340 2961 quemadmodum
1368 2897 1501 2949 radii
1531 2901 1724 2958 solem,
1758 2899 1819 2948 De
1853 2912 2016 2962 reyno,
2054 2898 2110 2948 1⁶2
2142 2901 2265 2956 τοῖς
2311 2900 2429 2949 ὅταν
2468 2901 2589 2950 ποτὲ

467 2990 672 3051 ὀφθῶσι,
714 2990 800 3039 τὸν
837 2989 1043 3053 βασιλέα
1078 2990 1550 3055 προσημαινὸμεθα,
1590 2990 1811 3056 καθάπερ
1831 3028 1843 3049 ,
1880 2991 2037 3054 οἶμαι,
2069 2993 2176 3049 ταῖς
2209 2991 2595 3055 προανιχοῦσαις

469 3080 641 3142 αὐγαῖς
664 3080 750 3128 τὸν
777 3080 914 3137 ἣλιον
949 3078 1092 3139 (Patr.
1121 3091 1216 3141 qr„
1246 3076 1419 3128 LXVI
1437 3115 1452 3138 ,
1482 3093 1534 3142 p.
1571 3078 1731 3138 1084).

531 3169 597 3231 (Ἰ)
631 3170 685 3218 ln
715 3169 838 3218 laud.
867 3171 987 3219 Just.
1015 3171 1151 3231 min.⁹
1178 3168 1224 3229 4,
1249 3167 1341 3218 239
1360 3182 1473 3231 sqq.
