3488 5421
1356 635 1630 693 ..7-

431 790 653 863 quum
690 778 936 843 contra
973 770 1107 843 sub
1147 769 1585 842 Diocletiano
1623 769 1863 842 nullas
1894 772 2044 861 jam
2083 770 2552 862 singularium

430 896 580 967 alas
616 895 1011 979 exstitisse,
1057 902 1127 967 et
1164 895 1390 966 multo
1425 901 1591 967 ante
1629 894 1869 966 Carini
1907 902 2206 966 mortem
2246 895 2554 966 dissolu-

428 1025 536 1092 tas
575 1037 731 1091 esse
770 1019 1016 1092 credas
1054 1037 1348 1092 necesse
1378 1020 1495 1091 sit.
1539 1018 1749 1091 Nulla
1786 1018 1864 1090 in
1903 1018 2390 1120 titulis-altera
2417 1026 2556 1091 ter-

426 1140 509 1213 tii
548 1142 789 1214 saeculi
828 1149 1029 1234 parte
1066 1142 1429 1233 inscriptis
1461 1141 1549 1214 de
1578 1141 2066 1232 singularibus
2106 1143 2373 1213 mentio
2405 1151 2547 1229 est.

426 1265 517 1337 At
580 1265 657 1336 in
724 1265 1160 1356 quibusdam
1227 1267 1505 1356 equites
1572 1266 1899 1337 invenias
1966 1265 2193 1337 Julios
2262 1268 2555 1341 nomine

426 1395 744 1472 vocatOS‚
805 1390 929 1478 qui
998 1395 1121 1460 aut
1186 1390 1322 1461 sub
1388 1390 1467 1460 C.
1531 1390 1718 1461 Julio
1780 1389 2166 1461 Maximino
2231 1397 2354 1461 aut
2419 1390 2554 1462 sub

425 1512 518 1584 M.
574 1511 761 1584 Julio
811 1513 1141 1606 Philippo
1196 1514 1680 1585 militaverunt
1725 1510 1819 1607 (1)
1873 1538 1889 1584 :
1946 1532 2167 1603 quum
2223 1533 2386 1586 vero
2434 1515 2553 1586 isti

424 1635 593 1707 Julii
631 1637 1056 1728 plerumque
1103 1638 1181 1708 C.
1225 1637 1395 1710 Julii
1442 1637 1943 1720 nominentur,
1988 1639 2093 1709 vel
2138 1638 2556 1730 simpliciter

423 1760 591 1832 Julii
616 1815 633 1844 ,
669 1780 919 1834 omnes
959 1762 1147 1834 inter
1190 1761 1558 1835 Maximini
1600 1761 1931 1833 custodes
1966 1762 2290 1835 referam.
2333 1762 2553 1833 Adhi-

423 1886 545 1957 bet
607 1888 893 1959 Henzen
945 1888 1234 1959 titulum
1262 1941 1279 1970 ‚
1340 1905 1380 1959 e
1445 1906 1587 1976 quo
1641 1885 2119 1976 colligendum
2169 1892 2276 1958 est
2321 1885 2557 1958 adhuc

426 2008 608 2081 circa
646 2010 724 2082 C.
770 2011 1057 2083 Vibium
1097 2011 1625 2083 Trebonianum
1666 2009 1948 2080 Gallum
1981 2017 2361 2101 augustum
2405 2009 2552 2080 sin-

423 2133 704 2225 gulares
736 2134 1055 2218 stetisse;
1102 2135 1226 2224 qui
1265 2135 1519 2206 titulus
1558 2134 1657 2204 ita
1693 2139 1803 2206 est
1846 2156 1863 2203 ε

815 2327 912 2399 D.
955 2327 1064 2398 M.
1122 2326 1341 2400 Vibio,
1385 2326 1755 2400 SeverinO.
1800 2349 1915 2400 eoo.
1960 2328 2188 2420 equite

960 2450 1326 2543 sinyulari
1359 2452 1484 2545 qui
1517 2450 1700 2522 vioeit
1735 2473 1911 2523 ann.
1952 2449 2018 2522 L

994 2574 1230 2646 Vibius
1274 2574 1567 2647 Ursinus
1603 2574 1836 2673 fratri
1867 2598 1991 2645 suo

1055 2697 1449 2773 carissime.
1492 2722 1665 2792 augy.
1702 2722 1741 2771 o
1782 2695 1909 2794 (2).

521 2899 751 2984 Quum
791 2882 1388 2979 Severini'fraten
1439 2897 1692 2968 Vibius
1742 2896 2090 2979 UrsinuS‚
2121 2901 2425 2989 ‚augusti
2470 2901 2551 2970 li-

420 3022 666 3094 bertus
738 3022 873 3105 sit,
943 3020 1443 3094 tantummodo
1513 3021 1602 3093 de
1666 3022 2092 3111 imperatore
2153 3023 2392 3107 Gallo,
2464 3043 2549 3096 ex

420 3153 627 3237 gente
668 3146 879 3219 Vibia
919 3153 1111 3227 orto,
1157 3163 1270 3219 res
1311 3139 1567 3236 agit'ur.
1614 3145 1788 3217 Mihi
1825 3152 2060 3217 autem
2103 3146 2398 3218 minime
2437 3166 2550 3237 ge·
2679 3191 2684 3195 -

422 3271 648 3342 nuina
685 3270 1055 3362 inscriptio
1101 3269 1418 3352 videtur,
1461 3268 1655 3359 quod
1693 3270 1983 3340 Henzen
2024 3276 2091 3339 et
2131 3270 2286 3359 ipse
2322 3288 2553 3360 nuper

422 3394 773 3467 fatebatur
819 3391 956 3488 (5);
1010 3412 1246 3484 neque
1293 3394 1547 3464 ultima
1592 3392 1784 3464 linea
1828 3399 2012 3464 certe
2060 3393 2355 3483 legitur;
2399 3394 2553 3466 haec

425 3516 641 3589 verba
692 3543 723 3582 ι
776 3519 1059 3608 augusti
1101 3517 1401 3588 libertus
1441 3543 1472 3580 1>
1548 3516 1943 3588 insolenter
2007 3542 2037 3580 «ι
2076 3516 2273 3588 fratri
2326 3516 2545 3590 caris-

423 3642 607 3715 simo
666 3669 698 3707 ι
767 3631 1325 3735 postponuntur.
1398 3642 1642 3713 Gallus
1704 3648 2051 3732 augustus
2110 3648 2254 3713 tres
2319 3660 2549 3714 annos

419 3766 633 3839 modo
664 3762 981 3859 regnavit
1025 3791 1041 3837 ε
1086 3767 1467 3840 Severinus
1509 3773 1744 3838 autem
1772 3820 1788 3849 ‚
1835 3784 2056 3856 quum
2094 3765 2546 3856 imperatoris

421 3891 605 3963 Galli
634 3865 901 3963 nomen
932 3893 1345 3981 sumpserit,
1386 3910 1469 3964 eo
1501 3897 1841 3981 regnante
1877 3889 2208 3961 militiam
2241 3890 2550 3980 singula-

419 4016 607 4088 rium
672 4015 949 4100 inivit,'
989 4017 1384 4106 eodemque
1441 4015 1676 4087 adhuc
1736 4015 2058 4106 principe
2090 4068 2107 4098 ,
2171 4015 2545 4087 honestam

480 4215 551 4280 (1)
580 4215 630 4266 G.
661 4217 697 4264 i.
730 4214 784 4276 1.‚
811 4212 910 4275 VI,
943 4213 1083 4275 3269,
1113 4213 1252 4274 3271,
1286 4211 1441 4275 32723
1471 4212 1741 4269 Muratori.
1781 4214 1890 4273 824,
1925 4221 1969 4265 4.

482 4306 550 4369 σι)
579 4303 639 4354 Ρ.
665 4303 743 4353 51.

411 4439 414 4444 .
483 4395 554 4459 (3)
582 4395 645 4444 In
676 4394 900 4459 epistola
926 4394 977 4444 (1.
1013 4393 1116 4446 VII
1145 4396 1268 4445 maii
1301 4393 1435 4454 1881,
1467 4394 1532 4444 ad
1560 4408 1614 4443 v.
1639 4408 1684 4443 c.
1717 4390 1935 4456 Geffroy
1962 4385 2174 4456 scripta.
