<?xml version="1.0" encoding="UTF-8"?>
<!DOCTYPE html PUBLIC "-//W3C//DTD XHTML 1.0 Transitional//EN"
    "http://www.w3.org/TR/xhtml1/DTD/xhtml1-transitional.dtd">
<html xmlns="http://www.w3.org/1999/xhtml" xml:lang="en" lang="en">
 <head>
  <title>
</title>
<meta http-equiv="Content-Type" content="text/html;charset=utf-8" />
  <meta name='ocr-system' content='tesseract 3.04.00' />
  <meta name='ocr-capabilities' content='ocr_page ocr_carea ocr_par ocr_line ocrx_word'/>
</head>
<body>
  <div class='ocr_page' id='page_1' title='image "./deprotectoribus00jullgoog_0086.png"; bbox 0 0 3488 5421; ppageno 0'>
   <div class='ocr_carea' id='block_1_1' title="bbox 1757 611 2076 671">
    <p class='ocr_par' dir='ltr' id='par_1_1' title="bbox 1757 611 2076 671">
     <span class='ocr_line' id='line_1_1' title="bbox 1757 611 2076 671; baseline 0.003 -13"><span class='ocrx_word' id='word_1_1' title='bbox 1757 611 2076 671; x_wconf 76' lang='grc'><strong>...72-</strong></span> 
     </span>
    </p>
   </div>
   <div class='ocr_carea' id='block_1_2' title="bbox 840 749 3094 1841">
    <p class='ocr_par' dir='ltr' id='par_1_2' title="bbox 840 749 3094 1716">
     <span class='ocr_line' id='line_1_2' title="bbox 840 749 2973 852; baseline -0.001 -27"><span class='ocrx_word' id='word_1_2' title='bbox 840 753 1245 852; x_wconf 66' lang='lat' dir='ltr'>Augustum</span> <span class='ocrx_word' id='word_1_3' title='bbox 1284 751 1360 823; x_wconf 89' lang='lat' dir='ltr'>in</span> <span class='ocrx_word' id='word_1_4' title='bbox 1397 751 1663 842; x_wconf 87' lang='lat' dir='ltr'>palatio</span> <span class='ocrx_word' id='word_1_5' title='bbox 1702 749 2143 833; x_wconf 86' lang='lat' dir='ltr'>custodiunt,</span> <span class='ocrx_word' id='word_1_6' title='bbox 2187 750 2281 823; x_wconf 86' lang='lat' dir='ltr'>ad</span> <span class='ocrx_word' id='word_1_7' title='bbox 2315 749 2508 824; x_wconf 89' lang='lat' dir='ltr'>bella</span> <span class='ocrx_word' id='word_1_8' title='bbox 2544 755 2973 841; x_wconf 87' lang='lat' dir='ltr'>sequuntur.</span> 
     </span>
     <span class='ocr_line' id='line_1_3' title="bbox 847 873 2979 965; baseline -0.001 -14"><span class='ocrx_word' id='word_1_9' title='bbox 847 878 1006 965; x_wconf 90' lang='lat' dir='ltr'>Non</span> <span class='ocrx_word' id='word_1_10' title='bbox 1054 874 1184 948; x_wconf 91' lang='lat' dir='ltr'>uni</span> <span class='ocrx_word' id='word_1_11' title='bbox 1236 873 1413 948; x_wconf 85' lang='lat' dir='ltr'>aciei</span> <span class='ocrx_word' id='word_1_12' title='bbox 1466 874 1948 947; x_wconf 83' lang='lat' dir='ltr'>interfuerunt</span> <span class='ocrx_word' id='word_1_13' title='bbox 1991 898 2010 946; x_wconf 73' lang='grc' dir='ltr'><strong><em>ε</em></strong></span> <span class='ocrx_word' id='word_1_14' title='bbox 2070 874 2490 947; x_wconf 86' lang='lat' dir='ltr'>Constantio</span> <span class='ocrx_word' id='word_1_15' title='bbox 2537 873 2869 948; x_wconf 80' lang='lat' dir='ltr'>adstabat</span> <span class='ocrx_word' id='word_1_16' title='bbox 2904 874 2979 948; x_wconf 89' lang='lat' dir='ltr'>in</span> 
     </span>
     <span class='ocr_line' id='line_1_4' title="bbox 847 996 2980 1093; baseline -0 -21"><span class='ocrx_word' id='word_1_17' title='bbox 847 998 1294 1073; x_wconf 86' lang='lat' dir='ltr'>alamannico</span> <span class='ocrx_word' id='word_1_18' title='bbox 1361 999 1553 1072; x_wconf 89' lang='lat' dir='ltr'>bello</span> <span class='ocrx_word' id='word_1_19' title='bbox 1619 1017 1856 1072; x_wconf 89' lang='lat' dir='ltr'>comes</span> <span class='ocrx_word' id='word_1_20' title='bbox 1923 998 2220 1072; x_wconf 86' lang='lat' dir='ltr'>Latinus</span> <span class='ocrx_word' id='word_1_21' title='bbox 2294 996 2437 1093; x_wconf 90' lang='lat'>(1);</span> <span class='ocrx_word' id='word_1_22' title='bbox 2510 998 2787 1072; x_wconf 90' lang='lat' dir='ltr'>occisus</span> <span class='ocrx_word' id='word_1_23' title='bbox 2853 1001 2980 1071; x_wconf 89' lang='lat' dir='ltr'>Ba-</span> 
     </span>
     <span class='ocr_line' id='line_1_5' title="bbox 852 1123 3094 1229; baseline 0.001 -34"><span class='ocrx_word' id='word_1_24' title='bbox 852 1124 1094 1196; x_wconf 79' lang='lat' dir='ltr'><strong>curius</strong></span> <span class='ocrx_word' id='word_1_25' title='bbox 1149 1124 1226 1196; x_wconf 91' lang='lat' dir='ltr'>in</span> <span class='ocrx_word' id='word_1_26' title='bbox 1270 1123 1699 1215; x_wconf 85' lang='lat' dir='ltr'>aquileiensi</span> <span class='ocrx_word' id='word_1_27' title='bbox 1754 1123 2011 1215; x_wconf 86' lang='lat' dir='ltr'>proelio</span> <span class='ocrx_word' id='word_1_28' title='bbox 2033 1177 2051 1205; x_wconf 89' lang='lat'>‚</span> <span class='ocrx_word' id='word_1_29' title='bbox 2121 1123 2325 1214; x_wconf 88' lang='lat' dir='ltr'>cujus</span> <span class='ocrx_word' id='word_1_30' title='bbox 2378 1124 2637 1197; x_wconf 85' lang='lat' dir='ltr'>virtute</span> <span class='ocrx_word' id='word_1_31' title='bbox 2690 1124 2992 1198; x_wconf 84' lang='lat' dir='ltr'>victoria-</span> <span class='ocrx_word' id='word_1_32' title='bbox 3089 1218 3094 1229; x_wconf 20' lang='grc' dir='ltr'>ἱ</span> 
     </span>
     <span class='ocr_line' id='line_1_6' title="bbox 855 1232 2981 1342; baseline 0.001 -23"><span class='ocrx_word' id='word_1_33' title='bbox 855 1232 1338 1321; x_wconf 82' lang='lat' dir='ltr'>Romanorum</span> <span class='ocrx_word' id='word_1_34' title='bbox 1380 1247 1515 1321; x_wconf 84' lang='lat' dir='ltr'>luit</span> <span class='ocrx_word' id='word_1_35' title='bbox 1565 1244 1702 1342; x_wconf 76' lang='grc'>(2);</span> <span class='ocrx_word' id='word_1_36' title='bbox 1747 1247 2024 1321; x_wconf 89' lang='lat' dir='ltr'>occisus</span> <span class='ocrx_word' id='word_1_37' title='bbox 2055 1253 2126 1321; x_wconf 90' lang='lat' dir='ltr'>et</span> <span class='ocrx_word' id='word_1_38' title='bbox 2165 1246 2482 1331; x_wconf 88' lang='lat' dir='ltr'>Pierius,</span> <span class='ocrx_word' id='word_1_39' title='bbox 2529 1247 2831 1322; x_wconf 86' lang='lat' dir='ltr'>Odoacri</span> <span class='ocrx_word' id='word_1_40' title='bbox 2869 1267 2981 1321; x_wconf 90' lang='lat' dir='ltr'>co-</span> 
     </span>
     <span class='ocr_line' id='line_1_7' title="bbox 856 1359 2981 1467; baseline 0 -23"><span class='ocrx_word' id='word_1_41' title='bbox 856 1390 1034 1456; x_wconf 83' lang='lat' dir='ltr'>meS‚</span> <span class='ocrx_word' id='word_1_42' title='bbox 1066 1373 1146 1444; x_wconf 90' lang='lat' dir='ltr'>in</span> <span class='ocrx_word' id='word_1_43' title='bbox 1173 1391 1417 1466; x_wconf 89' lang='lat' dir='ltr'>pugna</span> <span class='ocrx_word' id='word_1_44' title='bbox 1445 1359 1606 1445; x_wconf 91' lang='lat' dir='ltr'>cum</span> <span class='ocrx_word' id='word_1_45' title='bbox 1642 1371 2080 1445; x_wconf 90' lang='lat' dir='ltr'>Theodorico</span> <span class='ocrx_word' id='word_1_46' title='bbox 2110 1372 2495 1446; x_wconf 87' lang='lat' dir='ltr'>commissa</span> <span class='ocrx_word' id='word_1_47' title='bbox 2515 1371 2617 1467; x_wconf 83' lang='grc'>(5)</span> <span class='ocrx_word' id='word_1_48' title='bbox 2636 1428 2653 1444; x_wconf 93' lang='grc'><strong>.</strong></span> <span class='ocrx_word' id='word_1_49' title='bbox 2682 1373 2981 1465; x_wconf 82' lang='lat' dir='ltr'><strong>Augusti</strong></span> 
     </span>
     <span class='ocr_line' id='line_1_8' title="bbox 852 1495 2977 1592; baseline 0 -22"><span class='ocrx_word' id='word_1_50' title='bbox 852 1498 946 1571; x_wconf 86' lang='lat' dir='ltr'>ad</span> <span class='ocrx_word' id='word_1_51' title='bbox 999 1498 1187 1571; x_wconf 90' lang='lat' dir='ltr'>latus</span> <span class='ocrx_word' id='word_1_52' title='bbox 1251 1505 1376 1571; x_wconf 89' lang='lat' dir='ltr'>aut</span> <span class='ocrx_word' id='word_1_53' title='bbox 1430 1499 1645 1571; x_wconf 87' lang='lat' dir='ltr'>etiam</span> <span class='ocrx_word' id='word_1_54' title='bbox 1712 1499 1789 1570; x_wconf 91' lang='lat' dir='ltr'>in</span> <span class='ocrx_word' id='word_1_55' title='bbox 1845 1499 2000 1570; x_wconf 90' lang='lat' dir='ltr'>loco</span> <span class='ocrx_word' id='word_1_56' title='bbox 2063 1497 2386 1570; x_wconf 90' lang='lat' dir='ltr'>conciliis</span> <span class='ocrx_word' id='word_1_57' title='bbox 2441 1498 2741 1572; x_wconf 84' lang='lat' dir='ltr'>aderant</span> <span class='ocrx_word' id='word_1_58' title='bbox 2785 1495 2879 1592; x_wconf 77' lang='grc'>(4)</span> <span class='ocrx_word' id='word_1_59' title='bbox 2959 1523 2977 1570; x_wconf 88' lang='lat'>:</span> 
     </span>
     <span class='ocr_line' id='line_1_9' title="bbox 854 1617 2976 1716; baseline -0 -20"><span class='ocrx_word' id='word_1_60' title='bbox 854 1623 1051 1715; x_wconf 86' lang='lat' dir='ltr'>quod</span> <span class='ocrx_word' id='word_1_61' title='bbox 1089 1625 1330 1697; x_wconf 91' lang='lat' dir='ltr'>minus</span> <span class='ocrx_word' id='word_1_62' title='bbox 1363 1617 1732 1716; x_wconf 89' lang='lat' dir='ltr'>publicum</span> <span class='ocrx_word' id='word_1_63' title='bbox 1767 1641 1981 1714; x_wconf 85' lang='lat' dir='ltr'>quam</span> <span class='ocrx_word' id='word_1_64' title='bbox 2011 1623 2365 1715; x_wconf 85' lang='lat' dir='ltr'>privatum</span> <span class='ocrx_word' id='word_1_65' title='bbox 2399 1624 2761 1715; x_wconf 77' lang='lat' dir='ltr'>negotium</span> <span class='ocrx_word' id='word_1_66' title='bbox 2799 1630 2976 1696; x_wconf 86' lang='lat' dir='ltr'>erat.</span> 
     </span>
    </p>

    <p class='ocr_par' dir='ltr' id='par_1_3' title="bbox 951 1746 2983 1841">
     <span class='ocr_line' id='line_1_10' title="bbox 951 1746 2983 1841; baseline 0 -21"><span class='ocrx_word' id='word_1_67' title='bbox 951 1748 1043 1820; x_wconf 85' lang='lat' dir='ltr'>At</span> <span class='ocrx_word' id='word_1_68' title='bbox 1073 1747 1472 1839; x_wconf 72' lang='lat' dir='ltr'>saepissime</span> <span class='ocrx_word' id='word_1_69' title='bbox 1509 1747 1820 1840; x_wconf 90' lang='lat' dir='ltr'>publicis</span> <span class='ocrx_word' id='word_1_70' title='bbox 1859 1765 2149 1840; x_wconf 83' lang='lat' dir='ltr'>quoque</span> <span class='ocrx_word' id='word_1_71' title='bbox 2183 1746 2439 1821; x_wconf 80' lang='lat' dir='ltr'>officiis</span> <span class='ocrx_word' id='word_1_72' title='bbox 2467 1748 2983 1841; x_wconf 87' lang='lat' dir='ltr'>praeponeban-</span> 
     </span>
    </p>
   </div>
   <div class='ocr_carea' id='block_1_3' title="bbox 854 1870 3157 1969">
    <p class='ocr_par' dir='ltr' id='par_1_4' title="bbox 854 1870 3157 1969">
     <span class='ocr_line' id='line_1_11' title="bbox 854 1870 3157 1969; baseline 0 -24"><span class='ocrx_word' id='word_1_73' title='bbox 854 1881 997 1945; x_wconf 89' lang='lat' dir='ltr'>tur.</span> <span class='ocrx_word' id='word_1_74' title='bbox 1040 1870 1248 1946; x_wconf 90' lang='lat' dir='ltr'>Modo</span> <span class='ocrx_word' id='word_1_75' title='bbox 1286 1872 1389 1945; x_wconf 91' lang='lat' dir='ltr'>rei</span> <span class='ocrx_word' id='word_1_76' title='bbox 1427 1872 1737 1964; x_wconf 89' lang='lat' dir='ltr'>publicae</span> <span class='ocrx_word' id='word_1_77' title='bbox 1776 1871 2140 1948; x_wconf 86' lang='lat' dir='ltr'>securitati</span> <span class='ocrx_word' id='word_1_78' title='bbox 2177 1873 2608 1964; x_wconf 85' lang='lat' dir='ltr'>provident:</span> <span class='ocrx_word' id='word_1_79' title='bbox 2653 1873 3016 1969; x_wconf 33' lang='lat' dir='ltr'>Barbatio,</span> <span class='ocrx_word' id='word_1_80' title='bbox 3145 1910 3157 1919; x_wconf 87' lang='lat'><strong>·</strong></span> 
     </span>
    </p>
   </div>
   <div class='ocr_carea' id='block_1_4' title="bbox 855 1995 2989 2467">
    <p class='ocr_par' dir='ltr' id='par_1_5' title="bbox 855 1995 2989 2467">
     <span class='ocr_line' id='line_1_12' title="bbox 855 1995 2989 2091; baseline 0 -21"><span class='ocrx_word' id='word_1_81' title='bbox 855 2014 1189 2070; x_wconf 74' lang='lat' dir='ltr'>caesarem</span> <span class='ocrx_word' id='word_1_82' title='bbox 1230 1998 1512 2070; x_wconf 86' lang='lat' dir='ltr'>Gallum</span> <span class='ocrx_word' id='word_1_83' title='bbox 1568 1998 1861 2090; x_wconf 77' lang='lat' dir='ltr'>corripit</span> <span class='ocrx_word' id='word_1_84' title='bbox 1914 1995 2008 2091; x_wconf 80' lang='grc'>(5)</span> <span class='ocrx_word' id='word_1_85' title='bbox 2049 2021 2068 2081; x_wconf 94' lang='grc'>;</span> <span class='ocrx_word' id='word_1_86' title='bbox 2123 1998 2558 2073; x_wconf 83' lang='lat' dir='ltr'>Saturninus</span> <span class='ocrx_word' id='word_1_87' title='bbox 2596 2018 2711 2073; x_wconf 90' lang='lat' dir='ltr'>res</span> <span class='ocrx_word' id='word_1_88' title='bbox 2762 2005 2989 2072; x_wconf 74' lang='lat' dir='ltr'>novas·</span> 
     </span>
     <span class='ocr_line' id='line_1_13' title="bbox 858 2120 2983 2219; baseline 0.001 -26"><span class='ocrx_word' id='word_1_89' title='bbox 858 2120 1269 2195; x_wconf 79' lang='lat' dir='ltr'>molientem</span> <span class='ocrx_word' id='word_1_90' title='bbox 1335 2120 1732 2195; x_wconf 82' lang='lat' dir='ltr'>Eudoxiam</span> <span class='ocrx_word' id='word_1_91' title='bbox 1787 2130 2163 2217; x_wconf 86' lang='lat' dir='ltr'>augustam</span> <span class='ocrx_word' id='word_1_92' title='bbox 2217 2124 2526 2201; x_wconf 89' lang='lat' dir='ltr'>trucidat</span> <span class='ocrx_word' id='word_1_93' title='bbox 2594 2120 2723 2219; x_wconf 85' lang='lat'><strong>(6).</strong></span> <span class='ocrx_word' id='word_1_94' title='bbox 2777 2122 2983 2197; x_wconf 90' lang='lat' dir='ltr'>Modo</span> 
     </span>
     <span class='ocr_line' id='line_1_14' title="bbox 856 2245 2980 2346; baseline 0.001 -27"><span class='ocrx_word' id='word_1_95' title='bbox 856 2245 1147 2320; x_wconf 76' lang='lat' dir='ltr'>foederis</span> <span class='ocrx_word' id='word_1_96' title='bbox 1203 2246 1597 2339; x_wconf 89' lang='lat' dir='ltr'>jungendi,</span> <span class='ocrx_word' id='word_1_97' title='bbox 1666 2249 2091 2341; x_wconf 78' lang='lat' dir='ltr'>peragendae</span> <span class='ocrx_word' id='word_1_98' title='bbox 2127 2250 2506 2346; x_wconf 82' lang='lat' dir='ltr'>legationis</span> <span class='ocrx_word' id='word_1_99' title='bbox 2545 2248 2980 2341; x_wconf 88' lang='lat' dir='ltr'>provinciam</span> 
     </span>
     <span class='ocr_line' id='line_1_15' title="bbox 855 2368 2977 2467; baseline 0.001 -25"><span class='ocrx_word' id='word_1_100' title='bbox 855 2370 1214 2461; x_wconf 87' lang='lat' dir='ltr'>accipiunt</span> <span class='ocrx_word' id='word_1_101' title='bbox 1256 2395 1274 2442; x_wconf 73' lang='grc' dir='ltr'><strong><em>ε</em></strong></span> <span class='ocrx_word' id='word_1_102' title='bbox 1318 2371 1695 2446; x_wconf 86' lang='lat' dir='ltr'>Anatolius</span> <span class='ocrx_word' id='word_1_103' title='bbox 1765 2373 1858 2447; x_wconf 85' lang='lat' dir='ltr'>ad</span> <span class='ocrx_word' id='word_1_104' title='bbox 1923 2375 2216 2450; x_wconf 85' lang='lat' dir='ltr'>Attilam</span> <span class='ocrx_word' id='word_1_105' title='bbox 2280 2397 2325 2451; x_wconf 89' lang='lat' dir='ltr'>a</span> <span class='ocrx_word' id='word_1_106' title='bbox 2378 2373 2780 2449; x_wconf 89' lang='lat' dir='ltr'>Theodosio</span> <span class='ocrx_word' id='word_1_107' title='bbox 2835 2368 2977 2467; x_wconf 91' lang='grc'>(7),</span> 
     </span>
    </p>
   </div>
   <div class='ocr_carea' id='block_1_5' title="bbox 856 2492 2982 2692">
    <p class='ocr_par' dir='ltr' id='par_1_6' title="bbox 856 2492 2982 2692">
     <span class='ocr_line' id='line_1_16' title="bbox 856 2492 2982 2593; baseline 0.002 -28"><span class='ocrx_word' id='word_1_108' title='bbox 856 2493 1358 2586; x_wconf 87' lang='lat' dir='ltr'>Theopompus</span> <span class='ocrx_word' id='word_1_109' title='bbox 1395 2495 1489 2569; x_wconf 89' lang='lat' dir='ltr'>ad</span> <span class='ocrx_word' id='word_1_110' title='bbox 1529 2496 1983 2572; x_wconf 88' lang='lat' dir='ltr'>Horsmidam</span> <span class='ocrx_word' id='word_1_111' title='bbox 2022 2519 2282 2593; x_wconf 84' lang='lat' dir='ltr'>papam</span> <span class='ocrx_word' id='word_1_112' title='bbox 2328 2500 2420 2574; x_wconf 92' lang='lat' dir='ltr'>ab</span> <span class='ocrx_word' id='word_1_113' title='bbox 2460 2496 2841 2573; x_wconf 84' lang='lat' dir='ltr'>Anastasio</span> <span class='ocrx_word' id='word_1_114' title='bbox 2880 2492 2982 2592; x_wconf 84' lang='lat'>(8)</span> 
     </span>
     <span class='ocr_line' id='line_1_17' title="bbox 857 2616 1186 2692; baseline 0.003 -2"><span class='ocrx_word' id='word_1_115' title='bbox 857 2616 1186 2692; x_wconf 77' lang='lat' dir='ltr'>mittitur.</span> 
     </span>
    </p>
   </div>
   <div class='ocr_carea' id='block_1_6' title="bbox 853 2743 3018 3346">
    <p class='ocr_par' dir='ltr' id='par_1_7' title="bbox 853 2743 3018 3346">
     <span class='ocr_line' id='line_1_18' title="bbox 956 2743 3018 2850; baseline 0.004 -36"><span class='ocrx_word' id='word_1_116' title='bbox 956 2743 1385 2835; x_wconf 86' lang='lat' dir='ltr'>Plerumque</span> <span class='ocrx_word' id='word_1_117' title='bbox 1458 2765 1620 2819; x_wconf 87' lang='lat' dir='ltr'>vero</span> <span class='ocrx_word' id='word_1_118' title='bbox 1701 2750 1917 2823; x_wconf 91' lang='lat' dir='ltr'>rebus</span> <span class='ocrx_word' id='word_1_119' title='bbox 1989 2750 2424 2826; x_wconf 88' lang='lat' dir='ltr'>militaribus</span> <span class='ocrx_word' id='word_1_120' title='bbox 2489 2751 2785 2825; x_wconf 83' lang='lat' dir='ltr'>comites</span> <span class='ocrx_word' id='word_1_121' title='bbox 2859 2748 3018 2850; x_wconf 50' lang='lat'>⁴¹⁰⁸?</span> 
     </span>
     <span class='ocr_line' id='line_1_19' title="bbox 858 2855 2982 2969; baseline 0.003 -28"><span class='ocrx_word' id='word_1_122' title='bbox 858 2868 1311 2941; x_wconf 87' lang='lat' dir='ltr'>mesticorum</span> <span class='ocrx_word' id='word_1_123' title='bbox 1351 2870 1790 2945; x_wconf 84' lang='lat' dir='ltr'>adhibentur</span> <span class='ocrx_word' id='word_1_124' title='bbox 1833 2897 1851 2946; x_wconf 74' lang='grc' dir='ltr'><strong><em>ε</em></strong></span> <span class='ocrx_word' id='word_1_125' title='bbox 1893 2875 2475 2951; x_wconf 82' lang='lat' dir='ltr'>vexillationibus</span> <span class='ocrx_word' id='word_1_126' title='bbox 2497 2931 2516 2961; x_wconf 92' lang='lat'>‚</span> <span class='ocrx_word' id='word_1_127' title='bbox 2577 2855 2982 2969; x_wconf 84' lang='lat' dir='ltr'>legionibus</span> 
     </span>
     <span class='ocr_line' id='line_1_20' title="bbox 853 2991 2977 3095; baseline 0.004 -32"><span class='ocrx_word' id='word_1_128' title='bbox 853 2991 1165 3083; x_wconf 82' lang='lat' dir='ltr'>praefecti</span> <span class='ocrx_word' id='word_1_129' title='bbox 1217 2999 1343 3067; x_wconf 85' lang='lat' dir='ltr'>aut</span> <span class='ocrx_word' id='word_1_130' title='bbox 1392 2993 1770 3070; x_wconf 85' lang='lat' dir='ltr'>seditionis</span> <span class='ocrx_word' id='word_1_131' title='bbox 1809 3000 2286 3091; x_wconf 77' lang='lat' dir='ltr'>reprimendae</span> <span class='ocrx_word' id='word_1_132' title='bbox 2322 3020 2538 3075; x_wconf 87' lang='lat' dir='ltr'>causa</span> <span class='ocrx_word' id='word_1_133' title='bbox 2573 2997 2729 3095; x_wconf 90' lang='lat' dir='ltr'>(sic</span> <span class='ocrx_word' id='word_1_134' title='bbox 2770 3001 2977 3073; x_wconf 88' lang='lat' dir='ltr'>Sere-</span> 
     </span>
     <span class='ocr_line' id='line_1_21' title="bbox 854 3105 2980 3212; baseline 0.005 -23"><span class='ocrx_word' id='word_1_135' title='bbox 854 3115 1120 3190; x_wconf 86' lang='lat' dir='ltr'>nianus</span> <span class='ocrx_word' id='word_1_136' title='bbox 1173 3117 1501 3210; x_wconf 83' lang='lat' dir='ltr'>Cyzicum</span> <span class='ocrx_word' id='word_1_137' title='bbox 1555 3121 1913 3212; x_wconf 79' lang='lat' dir='ltr'>profectus</span> <span class='ocrx_word' id='word_1_138' title='bbox 1978 3131 2088 3199; x_wconf 90' lang='lat' dir='ltr'>est</span> <span class='ocrx_word' id='word_1_139' title='bbox 2151 3105 2231 3200; x_wconf 90' lang='lat' dir='ltr'>ut</span> <span class='ocrx_word' id='word_1_140' title='bbox 2282 3126 2672 3201; x_wconf 89' lang='lat' dir='ltr'>custodiret</span> <span class='ocrx_word' id='word_1_141' title='bbox 2727 3124 2980 3199; x_wconf 88' lang='lat' dir='ltr'>urbem</span> 
     </span>
     <span class='ocr_line' id='line_1_22' title="bbox 855 3239 2981 3346; baseline 0.004 -34"><span class='ocrx_word' id='word_1_142' title='bbox 855 3239 1198 3315; x_wconf 86' lang='lat' dir='ltr'>adversus</span> <span class='ocrx_word' id='word_1_143' title='bbox 1229 3242 1650 3336; x_wconf 88' lang='lat' dir='ltr'>Procopium</span> <span class='ocrx_word' id='word_1_144' title='bbox 1681 3249 2092 3344; x_wconf 84' lang='lat' dir='ltr'>tyrannum)</span> <span class='ocrx_word' id='word_1_145' title='bbox 2131 3247 2269 3346; x_wconf 85' lang='lat'><strong>(9),</strong></span> <span class='ocrx_word' id='word_1_146' title='bbox 2312 3256 2438 3324; x_wconf 89' lang='lat' dir='ltr'>aut</span> <span class='ocrx_word' id='word_1_147' title='bbox 2467 3251 2560 3325; x_wconf 90' lang='lat' dir='ltr'>ad</span> <span class='ocrx_word' id='word_1_148' title='bbox 2598 3250 2781 3328; x_wconf 85' lang='lat' dir='ltr'>fines</span> <span class='ocrx_word' id='word_1_149' title='bbox 2818 3267 2981 3342; x_wconf 89' lang='lat' dir='ltr'>pro-</span> 
     </span>
    </p>
   </div>
   <div class='ocr_carea' id='block_1_7' title="bbox 854 3465 2982 3800">
    <p class='ocr_par' dir='ltr' id='par_1_8' title="bbox 854 3465 2982 3800">
     <span class='ocr_line' id='line_1_23' title="bbox 921 3465 1691 3533; baseline 0.004 -15"><span class='ocrx_word' id='word_1_150' title='bbox 921 3465 987 3529; x_wconf 91' lang='grc'>(1)</span> <span class='ocrx_word' id='word_1_151' title='bbox 1016 3465 1197 3517; x_wconf 74' lang='lat' dir='ltr'>Amm-</span> <span class='ocrx_word' id='word_1_152' title='bbox 1219 3465 1402 3530; x_wconf 64' lang='grc' dir='ltr'><strong>Μαι-«5.,</strong></span> <span class='ocrx_word' id='word_1_153' title='bbox 1433 3467 1507 3531; x_wconf 81' lang='grc'><strong>14,</strong></span> <span class='ocrx_word' id='word_1_154' title='bbox 1538 3469 1614 3533; x_wconf 87' lang='grc'><strong>10,</strong></span> <span class='ocrx_word' id='word_1_155' title='bbox 1642 3472 1691 3523; x_wconf 87' lang='lat'>8.</span> 
     </span>
     <span class='ocr_line' id='line_1_24' title="bbox 854 3552 2982 3695; baseline 0.008 -91"><span class='ocrx_word' id='word_1_156' title='bbox 854 3643 884 3695; x_wconf 65' lang='lat'>4</span> <span class='ocrx_word' id='word_1_157' title='bbox 916 3552 1002 3695; x_wconf 51' lang='grc' dir='ltr'>(ἐζ</span> <span class='ocrx_word' id='word_1_158' title='bbox 1016 3552 1278 3618; x_wconf 77' lang='lat' dir='ltr'>Socrates,</span> <span class='ocrx_word' id='word_1_159' title='bbox 1306 3555 1432 3609; x_wconf 74' lang='lat' dir='ltr'>Hist.</span> <span class='ocrx_word' id='word_1_160' title='bbox 1457 3559 1584 3621; x_wconf 77' lang='lat' dir='ltr'>eccl..</span> <span class='ocrx_word' id='word_1_161' title='bbox 1617 3560 1661 3619; x_wconf 87' lang='grc'><strong>1,</strong></span> <span class='ocrx_word' id='word_1_162' title='bbox 1691 3561 1783 3621; x_wconf 75' lang='grc' dir='ltr'>2ος</span> <span class='ocrx_word' id='word_1_163' title='bbox 1814 3564 1861 3625; x_wconf 86' lang='grc'><strong>5,</strong></span> <span class='ocrx_word' id='word_1_164' title='bbox 1893 3563 1985 3627; x_wconf 74' lang='lat'>253</span> <span class='ocrx_word' id='word_1_165' title='bbox 2009 3563 2202 3626; x_wconf 78' lang='lat' dir='ltr'>Rufus,</span> <span class='ocrx_word' id='word_1_166' title='bbox 2223 3567 2349 3620; x_wconf 69' lang='lat' dir='ltr'>Hist.</span> <span class='ocrx_word' id='word_1_167' title='bbox 2370 3568 2500 3630; x_wconf 66' lang='lat' dir='ltr'>eccl„</span> <span class='ocrx_word' id='word_1_168' title='bbox 2525 3565 2575 3629; x_wconf 78' lang='lat'>2,</span> <span class='ocrx_word' id='word_1_169' title='bbox 2602 3566 2691 3627; x_wconf 71' lang='lat'>333</span> <span class='ocrx_word' id='word_1_170' title='bbox 2721 3567 2982 3632; x_wconf 72' lang='lat' dir='ltr'>Zosimus,</span> 
     </span>
     <span class='ocr_line' id='line_1_25' title="bbox 897 3682 1568 3800; baseline 0.006 -15"><span class='ocrx_word' id='word_1_171' title='bbox 897 3682 983 3799; x_wconf 54' lang='lat'><strong>⁹(3)</strong></span> <span class='ocrx_word' id='word_1_172' title='bbox 1016 3734 1171 3787; x_wconf 74' lang='lat' dir='ltr'>Aaou.</span> <span class='ocrx_word' id='word_1_173' title='bbox 1200 3737 1361 3800; x_wconf 67' lang='lat' dir='ltr'>vales„</span> <span class='ocrx_word' id='word_1_174' title='bbox 1391 3737 1462 3796; x_wconf 88' lang='lat'>11.</span> <span class='ocrx_word' id='word_1_175' title='bbox 1488 3739 1568 3791; x_wconf 88' lang='grc'>53.</span> 
     </span>
    </p>
   </div>
   <div class='ocr_carea' id='block_1_8' title="bbox 853 3822 2979 4427">
    <p class='ocr_par' dir='ltr' id='par_1_9' title="bbox 853 3822 2913 3975">
     <span class='ocr_line' id='line_1_26' title="bbox 914 3822 2913 3901; baseline 0.008 -29"><span class='ocrx_word' id='word_1_176' title='bbox 914 3822 984 3889; x_wconf 77' lang='grc'>(4)</span> <span class='ocrx_word' id='word_1_177' title='bbox 1017 3824 1139 3878; x_wconf 72' lang='lat' dir='ltr'>Acta</span> <span class='ocrx_word' id='word_1_178' title='bbox 1167 3838 1294 3877; x_wconf 82' lang='lat' dir='ltr'>conc.</span> <span class='ocrx_word' id='word_1_179' title='bbox 1324 3828 1474 3890; x_wconf 71' lang='lat' dir='ltr'>ephes.</span> <span class='ocrx_word' id='word_1_180' title='bbox 1497 3843 1544 3880; x_wconf 81' lang='grc' dir='ltr'>α.</span> <span class='ocrx_word' id='word_1_181' title='bbox 1572 3828 1658 3883; x_wconf 79' lang='lat'>431</span> <span class='ocrx_word' id='word_1_182' title='bbox 1685 3869 1698 3889; x_wconf 84' lang='lat'>‚</span> <span class='ocrx_word' id='word_1_183' title='bbox 1735 3830 1938 3896; x_wconf 82' lang='lat' dir='ltr'>Labbe‚</span> <span class='ocrx_word' id='word_1_184' title='bbox 1969 3833 2080 3894; x_wconf 86' lang='lat'>111,</span> <span class='ocrx_word' id='word_1_185' title='bbox 2108 3848 2161 3901; x_wconf 90' lang='lat' dir='ltr'>p.</span> <span class='ocrx_word' id='word_1_186' title='bbox 2193 3835 2317 3899; x_wconf 77' lang='lat'>4423</span> <span class='ocrx_word' id='word_1_187' title='bbox 2342 3836 2465 3890; x_wconf 77' lang='lat' dir='ltr'>Acta</span> <span class='ocrx_word' id='word_1_188' title='bbox 2489 3849 2616 3890; x_wconf 71' lang='lat' dir='ltr'>conc.</span> <span class='ocrx_word' id='word_1_189' title='bbox 2640 3837 2838 3890; x_wconf 67' lang='lat' dir='ltr'>chalced.</span> <span class='ocrx_word' id='word_1_190' title='bbox 2868 3850 2913 3888; x_wconf 85' lang='grc' dir='ltr'>α.</span> 
     </span>
     <span class='ocr_line' id='line_1_27' title="bbox 853 3912 1464 3975; baseline 0.005 -11"><span class='ocrx_word' id='word_1_191' title='bbox 853 3912 973 3975; x_wconf 79' lang='lat'><strong>451,</strong></span> <span class='ocrx_word' id='word_1_192' title='bbox 1002 3912 1201 3975; x_wconf 67' lang='lat' dir='ltr'>hubba,</span> <span class='ocrx_word' id='word_1_193' title='bbox 1229 3912 1324 3972; x_wconf 86' lang='lat' dir='ltr'>IV,</span> <span class='ocrx_word' id='word_1_194' title='bbox 1354 3914 1464 3967; x_wconf 79' lang='lat'><strong>574.</strong></span> 
     </span>
    </p>

    <p class='ocr_par' dir='ltr' id='par_1_10' title="bbox 913 3998 2364 4070">
     <span class='ocr_line' id='line_1_28' title="bbox 913 3998 2364 4070; baseline 0.012 -18"><span class='ocrx_word' id='word_1_195' title='bbox 913 3998 987 4065; x_wconf 89' lang='lat'>(5)</span> <span class='ocrx_word' id='word_1_196' title='bbox 1014 4001 1190 4052; x_wconf 86' lang='lat' dir='ltr'>Amm.</span> <span class='ocrx_word' id='word_1_197' title='bbox 1215 4001 1402 4066; x_wconf 70' lang='lat' dir='ltr'>Marc„</span> <span class='ocrx_word' id='word_1_198' title='bbox 1437 4004 1510 4067; x_wconf 75' lang='lat'>14,</span> <span class='ocrx_word' id='word_1_199' title='bbox 1543 4006 1617 4069; x_wconf 88' lang='grc'><strong>11,</strong></span> <span class='ocrx_word' id='word_1_200' title='bbox 1653 4007 1730 4059; x_wconf 85' lang='grc'>19.</span> <span class='ocrx_word' id='word_1_201' title='bbox 2358 4065 2364 4070; x_wconf 94' lang='grc'><strong>.</strong></span> 
     </span>
    </p>

    <p class='ocr_par' dir='ltr' id='par_1_11' title="bbox 915 4087 2979 4169">
     <span class='ocr_line' id='line_1_29' title="bbox 915 4087 2979 4169; baseline 0.007 -29"><span class='ocrx_word' id='word_1_202' title='bbox 915 4090 984 4155; x_wconf 88' lang='lat'>(6)</span> <span class='ocrx_word' id='word_1_203' title='bbox 1010 4087 1349 4144; x_wconf 79' lang='lat' dir='ltr'>Marcellinus</span> <span class='ocrx_word' id='word_1_204' title='bbox 1375 4105 1580 4159; x_wconf 70' lang='lat' dir='ltr'>comeS,</span> <span class='ocrx_word' id='word_1_205' title='bbox 1611 4095 1798 4161; x_wconf 71' lang='lat' dir='ltr'>Clu-on..</span> <span class='ocrx_word' id='word_1_206' title='bbox 1830 4098 1898 4150; x_wconf 80' lang='lat' dir='ltr'>ad</span> <span class='ocrx_word' id='word_1_207' title='bbox 1921 4115 1969 4151; x_wconf 74' lang='lat' dir='ltr'>a.</span> <span class='ocrx_word' id='word_1_208' title='bbox 1996 4100 2116 4163; x_wconf 80' lang='lat'><strong>444,</strong></span> <span class='ocrx_word' id='word_1_209' title='bbox 2144 4118 2196 4168; x_wconf 90' lang='lat' dir='ltr'>p.</span> <span class='ocrx_word' id='word_1_210' title='bbox 2222 4102 2336 4166; x_wconf 77' lang='lat'>927,</span> <span class='ocrx_word' id='word_1_211' title='bbox 2358 4101 2538 4169; x_wconf 80' lang='lat' dir='ltr'>Migno</span> <span class='ocrx_word' id='word_1_212' title='bbox 2571 4105 2716 4169; x_wconf 86' lang='lat' dir='ltr'>(Patr.</span> <span class='ocrx_word' id='word_1_213' title='bbox 2739 4106 2844 4168; x_wconf 68' lang='lat' dir='ltr'>lat„</span> <span class='ocrx_word' id='word_1_214' title='bbox 2866 4105 2979 4169; x_wconf 77' lang='lat' dir='ltr'><strong>LI).</strong></span> 
     </span>
    </p>

    <p class='ocr_par' dir='ltr' id='par_1_12' title="bbox 913 4179 1984 4250">
     <span class='ocr_line' id='line_1_30' title="bbox 913 4179 1984 4250; baseline 0.01 -19"><span class='ocrx_word' id='word_1_215' title='bbox 913 4179 981 4246; x_wconf 89' lang='grc'>(7)</span> <span class='ocrx_word' id='word_1_216' title='bbox 1010 4182 1234 4247; x_wconf 64' lang='lat' dir='ltr'>Exempto</span> <span class='ocrx_word' id='word_1_217' title='bbox 1261 4183 1314 4235; x_wconf 76' lang='lat' dir='ltr'>de</span> <span class='ocrx_word' id='word_1_218' title='bbox 1340 4184 1447 4247; x_wconf 71' lang='lat'>129„</span> <span class='ocrx_word' id='word_1_219' title='bbox 1476 4198 1534 4250; x_wconf 89' lang='lat' dir='ltr'>p.</span> <span class='ocrx_word' id='word_1_220' title='bbox 1562 4184 1675 4249; x_wconf 80' lang='lat'>213,</span> <span class='ocrx_word' id='word_1_221' title='bbox 1705 4190 1865 4240; x_wconf 87' lang='lat' dir='ltr'>bonu.</span> <span class='ocrx_word' id='word_1_222' title='bbox 1898 4190 1984 4242; x_wconf 81' lang='lat' dir='ltr'>ed.</span> 
     </span>
    </p>

    <p class='ocr_par' dir='ltr' id='par_1_13' title="bbox 918 4267 2448 4347">
     <span class='ocr_line' id='line_1_31' title="bbox 918 4267 2448 4347; baseline 0.01 -27"><span class='ocrx_word' id='word_1_223' title='bbox 918 4269 984 4333; x_wconf 87' lang='grc'>(8)</span> <span class='ocrx_word' id='word_1_224' title='bbox 1011 4267 1250 4336; x_wconf 74' lang='lat' dir='ltr'>Epistola</span> <span class='ocrx_word' id='word_1_225' title='bbox 1270 4271 1567 4337; x_wconf 71' lang='lat' dir='ltr'>Anutasii,</span> <span class='ocrx_word' id='word_1_226' title='bbox 1594 4274 1803 4338; x_wconf 69' lang='lat' dir='ltr'>Babba,</span> <span class='ocrx_word' id='word_1_227' title='bbox 1833 4276 1929 4343; x_wconf 87' lang='lat' dir='ltr'>IV,</span> <span class='ocrx_word' id='word_1_228' title='bbox 1955 4293 2045 4347; x_wconf 87' lang='lat' dir='ltr'>pp.</span> <span class='ocrx_word' id='word_1_229' title='bbox 2075 4278 2199 4334; x_wconf 77' lang='lat'>1434</span> <span class='ocrx_word' id='word_1_230' title='bbox 2227 4284 2282 4335; x_wconf 81' lang='lat' dir='ltr'>et</span> <span class='ocrx_word' id='word_1_231' title='bbox 2311 4280 2448 4338; x_wconf 76' lang='lat'><strong>1436.</strong></span> 
     </span>
    </p>

    <p class='ocr_par' dir='ltr' id='par_1_14' title="bbox 919 4357 1982 4427">
     <span class='ocr_line' id='line_1_32' title="bbox 919 4357 1982 4427; baseline 0.013 -20"><span class='ocrx_word' id='word_1_232' title='bbox 919 4358 983 4421; x_wconf 78' lang='grc'>(9)</span> <span class='ocrx_word' id='word_1_233' title='bbox 1016 4357 1194 4411; x_wconf 84' lang='lat' dir='ltr'>Amm.</span> <span class='ocrx_word' id='word_1_234' title='bbox 1223 4358 1410 4426; x_wconf 65' lang='lat' dir='ltr'>Marc„</span> <span class='ocrx_word' id='word_1_235' title='bbox 1433 4360 1513 4424; x_wconf 81' lang='lat'>26,</span> <span class='ocrx_word' id='word_1_236' title='bbox 1544 4363 1595 4427; x_wconf 87' lang='lat'>8,</span> <span class='ocrx_word' id='word_1_237' title='bbox 1619 4364 1669 4427; x_wconf 85' lang='grc'><strong>’1,</strong></span> <span class='ocrx_word' id='word_1_238' title='bbox 1698 4365 1768 4418; x_wconf 76' lang='lat' dir='ltr'>ad</span> <span class='ocrx_word' id='word_1_239' title='bbox 1793 4381 1843 4423; x_wconf 76' lang='lat' dir='ltr'>a.</span> <span class='ocrx_word' id='word_1_240' title='bbox 1871 4366 1982 4421; x_wconf 79' lang='lat'><strong>365.</strong></span> 
     </span>
    </p>
   </div>
  </div>
 </body>
</html>
