3488 5421
23 210 55 339 Ὗ·-

1374 651 1451 665 ...
1493 617 1571 681 33
1612 651 1690 663 .-

472 754 1035 828 memorantibus
1058 809 1076 838 ,
1118 756 1432 848 primum
1472 754 1907 828 credendum
1955 752 2115 829 est?
2148 755 2433 828 Justino
2471 755 2602 826 mi-

471 897 671 962 nore,
703 879 826 970 qui
865 879 1273 952 Iustiniano
1314 880 1683 962 successit,
1718 884 2088 970 regnante,
2130 878 2219 950 de
2269 904 2300 942 ‹
2340 885 2605 968 protec-

474 1009 706 1074 torum
760 1001 1242 1094 phalangibus
1302 1030 1331 1065 ι
1407 1002 1523 1074 bis
1587 1002 1781 1093 apud
1847 1001 2237 1093 Corippum
2291 1000 2602 1073 aulicum

475 1131 754 1217 poetam
802 1126 913 1217 (1)
955 1144 1191 1199 sermo
1242 1133 1378 1199 est.
1438 1123 1690 1200 Itidem
1747 1125 2133 1198 Menander
2172 1124 2558 1205 historicus
2583 1178 2602 1204 ,

476 1249 677 1339 cujus
712 1250 857 1322 vita
907 1268 1136 1340 usque
1172 1251 1252 1320 in
1296 1248 1617 1322 Mauricii
1665 1246 1760 1341 (2)
1808 1265 2105 1339 regnum
2150 1245 2610 1338 producenda

477 1379 623 1456 est,
666 1380 1098 1464 protectores
1157 1374 1340 1447 circa
1387 1373 1857 1463 imperatores
1905 1378 2094 1444 stare
2141 1370 2452 1444 scribere
2506 1367 2601 1465 (5)

480 1495 781 1570 videtur.

575 1624 756 1715 Ergo
802 1623 1056 1714 primis
1108 1623 1394 1714 septimi
1443 1622 1684 1695 saeculi
1733 1623 1948 1694 annis
2000 1630 2433 1714 protectores
2487 1627 2612 1694 aut

479 1744 905 1826 domesticos
942 1747 1019 1818 in
1055 1745 1320 1838 palatio
1355 1744 1591 1818 adbuc
1627 1745 1974 1818 militasse
2012 1752 2279 1818 certum
2322 1752 2458 1818 est.

571 1869 764 1942 Nihil
802 1871 990 1942 ultra
1021 1869 1379 1941 affirmare
1416 1869 1654 1952 decet,
1700 1868 2102 1943 tacentibus
2141 1869 2340 1941 illius
2379 1869 2611 1942 aetatis
2669 1944 2673 1949 ,

476 1992 970 2086 scriptoribus,
1027 1994 1201 2068 Mihi
1264 2001 1502 2066 tamen
1544 1993 1875 2068 videntur
1895 2049 1915 2077 ,
1975 1993 2323 2085 quamdiu
2378 2001 2612 2066 custo-

476 2116 689 2192 dibus
717 2118 1030 2210 praefecti
1057 2117 1340 2189 comites
1367 2119 1706 2211 appellati
1730 2126 1928 2202 sunt,
1955 2118 2231 2192 tamdiu
2263 2119 2548 2211 augusti
2571 2137 2614 2188 a

478 2241 886 2316 domesticis
924 2243 1148 2316 fuisse
1180 2243 1506 2336 protecti.
1545 2244 1751 2326 Nam,
1783 2261 1927 2335 qua
1967 2251 2175 2317 aetate
2205 2242 2614 2315 scribebant

477 2367 1041 2460 chronographi,
1099 2368 1518 2441 custodibus
1559 2368 1990 2460 praepositus
2035 2387 2183 2441 non
2230 2388 2457 2439 comes
2494 2366 2615 2439 do-

479 2492 934 2566 mesticorum
965 2492 1075 2565 vel
1113 2492 1608 2565 excubitorum
1643 2493 2181 2576 nominabatur,
2218 2509 2461 2564 verum
2493 2490 2615 2560 do-

479 2615 796 2687 mesticus
848 2616 1341 2689 excubitorum
1384 2614 1521 2708 (4).
1574 2616 1794 2708 Atqui
1839 2624 2004 2708 post
2049 2616 2381 2708 Crispum
2421 2633 2614 2686 anno

486 2747 622 2815 605
662 2764 706 2817 a
739 2745 972 2817 Phoca
1008 2744 1356 2836 dignitate
1391 2744 1779 2817 comitiana
1811 2751 2145 2817 ornatum
2192 2739 2324 2838 (5),
2368 2742 2616 2814 nullus

485 2886 720 2940 comes
750 2867 1243 2941 excubitorum
1276 2876 1735 2941 memoratur.
1774 2869 2056 2940 Scimus
2098 2885 2413 2959 quoque,
2449 2864 2619 2937 inde

485 2993 576 3065 ab
608 2993 958 3076 Heraclio,
1002 2994 1440 3084 quicumque
1477 2994 1556 3064 in
1593 2992 1896 3085 imperio
1935 2999 2060 3064 aut
2088 2993 2165 3063 in
2204 2992 2469 3082 palatio
2509 2989 2618 3063 vel

487 3117 794 3208 publicis
833 3118 941 3190 vel
980 3118 1276 3209 privatis
1308 3117 1730 3189 muneribus
1762 3116 2271 3208 fungebantur,
2309 3116 2618 3186 honores

489 3241 850 3331 quoslibet
888 3242 1358 3334 dignitatesve
1406 3240 1841 3326 induebant,
1882 3238 2283 3311 domesticos
2318 3237 2551 3311 vocari
2595 3261 2613 3308 z

491 3365 616 3455 qui
682 3365 1082 3457 provincias
1154 3374 1451 3458 regunt,
1532 3363 1922 3436 thematum
1982 3362 2383 3434 domesticos
2406 3417 2425 3445 ,
2497 3361 2621 3453 qui

491 3490 840 3562 exercitus
864 3544 882 3574 ,
931 3510 1234 3582 maynos
1285 3487 1693 3560 domesticos
1759 3485 1855 3582 (6)
1914 3513 1931 3558 ε
2005 3507 2149 3579 quo
2211 3487 2420 3561 titulo
2473 3503 2622 3556 non

493 3613 938 3704 reipublicae,
982 3615 1111 3687 sed
1159 3614 1570 3704 imperatori
1611 3613 1799 3685 vices
1854 3612 1979 3684 Dei
2017 3612 2096 3682 in
2145 3617 2332 3683 terra
2386 3610 2621 3702 agenti

564 3920 627 3983 (1)
662 3917 742 3971 Cf.
772 3935 824 3984 p.
856 3919 944 3980 77,
979 3935 1030 3969 n.
1059 3919 1089 3970 2
1119 3926 1170 3971 et
1199 3935 1251 3984 p.
1283 3919 1362 3979 81.

561 4009 629 4072 (Ἰ)
654 4010 765 4060 Ecce.
796 4010 849 4059 de
873 4010 1027 4071 hyat„
1054 4008 1138 4060 ed.
1164 4011 1348 4070 boun„
1379 4023 1428 4072 p.
1464 4007 1574 4059 418.

561 4098 630 4159 (3)
658 4097 799 4147 Inter
823 4114 871 4148 a.
892 4098 987 4149 58⁶2
1013 4103 1064 4150 et
1092 4097 1204 4149 602.

555 4186 622 4248 (4)
651 4184 1024 4250 TheophaneS,
1055 4186 1325 4249 chronogr„
1354 4185 1397 4244 I,
1424 4200 1497 4250 p..
1525 4184 1638 4248 276,
1668 4184 1752 4236 ed.
1780 4186 1962 4244 boun„
1991 4184 2056 4233 ad
2085 4198 2133 4233 a.
2160 4182 2273 4234 752.

564 4275 631 4336 (5)
660 4274 824 4325 chron.
854 4276 1005 4338 Pasq.,
1040 4276 1081 4334 1,
1112 4290 1162 4338 p.
1190 4274 1320 4336 7033
1352 4275 1424 4325 cf.
1454 4271 1709 4338 Tbeoph.‚
1737 4273 2008 4335 Chronoyr„
2037 4272 2077 4333 1,
2105 4287 2156 4335 p.
2184 4269 2295 4320 491.

566 4363 628 4425 (6)
662 4360 742 4413 Cf.
774 4363 938 4414 chron.
966 4364 1116 4426 Pasq„
1146 4363 1214 4413 ad
1241 4379 1290 4414 a.
1316 4360 1427 4424 624,
1459 4361 1502 4423 1,
1532 4376 1586 4426 p.
1616 4360 1732 4414 714.
