3488 5421
514 1861 640 1931 Illa
668 1860 884 1952 igitur
912 1858 1001 1931 de
1029 1860 1554 1951 protectoribus
1580 1867 1650 1933 et
1678 1858 2090 1934 domesticis
2125 1862 2547 1946 concludere

418 2002 629 2076 posse
669 1983 849 2056 mihi
887 1984 1131 2056 videor
1177 2009 1193 2055 ι

512 2236 566 2305 Ι.
626 2233 992 2306 Prioribus
1033 2235 1478 2325 principatus
1528 2235 1855 2318 saeculis,
1896 2255 1936 2307 e
1987 2235 2406 2309 custodibus
2447 2239 2544 2308 la·-

414 2359 582 2432 teris
607 2359 1012 2451 principum
1045 2359 1600 2433 secernebantur
1623 2361 1951 2432 cohortes
1981 2361 2360 2451 praetoriae.
2386 2380 2548 2451 quae

428 2512 457 2546 α
500 2485 936 2576 reipublicae,
973 2503 1120 2556 non
1157 2485 1442 2577 augusti
1481 2512 1510 2549 ι
1561 2492 1790 2557 erant.
1825 2486 1982 2557 Non
2021 2503 2060 2557 e
2097 2486 2547 2576 praetorianis

415 2609 760 2701 originem
800 2609 1073 2681 ducunt
1108 2616 1581 2701 protectores,
1647 2627 1882 2699 neque
1934 2609 2082 2680 ullo
2128 2609 2340 2682 modo
2381 2628 2541 2683 cum

416 2734 862 2825 praetorianis
893 2736 1124 2825 juncti
1166 2735 1387 2807 fuere.

514 2859 600 2929 ΙΙ.
657 2859 1121 2931 Excubitores
1161 2862 1472 2951 augusti,
1508 2860 1677 2932 inde
1715 2880 1759 2930 a
1797 2860 2006 2932 tertio
2044 2860 2342 2943 saeculo,
2389 2880 2549 2952 pro-

417 2989 710 3055 tectores
750 2983 973 3055 divini
1022 2983 1300 3066 lateris,
1345 2984 1472 3054 viri
1530 2983 2008 3066 devotissimi,
2064 2993 2427 3057 vocantur.
2489 2987 2542 3056 E

416 3107 696 3181 duobus
718 3110 1040 3183 numeris
1063 3116 1393 3182 constant
1416 3134 1433 3180 ι
1460 3115 1937 3200 protectorum
1957 3109 2536 3191 domesticorum,

415 3234 562 3306 sive
598 3235 919 3325 equitum
968 3233 1157 3328 (quae
1196 3233 1506 3324 dignitas
1538 3234 1840 3323 Juvenes
1875 3232 2310 3305 clarissimos
2350 3252 2535 3325 prae-

414 3359 656 3429 sertim
689 3355 1080 3450 manebat),
1111 3365 1180 3431 et
1201 3364 1706 3449 protectorum,
1737 3359 1887 3430 sive
1916 3356 2236 3448 peditum
2268 3356 2366 3451 (in
2396 3377 2538 3448 quo

414 3501 710 3555 numero
732 3483 1043 3555 veterani
1074 3483 1572 3555 tantummodo
1605 3479 2069 3575 militabant).
2102 3483 2211 3553 Illi
2243 3483 2540 3574 propius

413 3606 824 3698 imperatori
849 3609 1148 3679 aderant
1168 3615 1238 3679 et
1265 3607 1358 3679 ad
1379 3609 1650 3698 majora
1676 3607 1962 3698 negotia
1980 3605 2535 3697 deputabantur.

415 3733 667 3806 Postea
701 3751 951 3805 omnes
982 3732 1225 3805 lateris
1264 3731 1595 3805 custodes
1633 3732 2006 3804 domestici
2079 3751 2302 3822 quum
2341 3734 2542 3823 equi-

412 3862 546 3939 teS‚
588 3837 749 3928 tum⁸
782 3856 1058 3947 pedites
1085 3911 1102 3941 ‚
1146 3856 1484 3958 dicuntur
1518 3881 1535 3928 z
1582 3874 1723 3947 quo
1765 3855 2190 3927 familiarius
2233 3857 2540 3948 principi

413 3981 677 4052 servire
716 3980 1233 4073 significentur.

508 4106 628 4177 111.
670 4107 826 4178 Non
865 4112 944 4178 ut
989 4104 1299 4177 militum
1339 4122 1723 4186 numerus,
1770 4102 1898 4176 sed
1936 4109 2016 4175 ut
2059 4103 2271 4184 ordo,
2319 4105 2534 4175 colle-

410 4231 605 4322 gium
629 4286 646 4314 ‚
692 4230 896 4303 civile
935 4230 1373 4302 consortium
1414 4235 1716 4318 utraque
1752 4246 2012 4300 manus
2048 4226 2533 4299 constituitur.

514 4357 626 4428 IV.
671 4357 891 4428 Nemo
946 4354 1088 4427 nisi
1137 4373 1374 4427 comes
1426 4360 1687 4446 praeest
1733 4350 2309 4434 excubitoribus,
2368 4353 2534 4442 qui,
