<?xml version="1.0" encoding="UTF-8"?>
<!DOCTYPE html PUBLIC "-//W3C//DTD XHTML 1.0 Transitional//EN"
    "http://www.w3.org/TR/xhtml1/DTD/xhtml1-transitional.dtd">
<html xmlns="http://www.w3.org/1999/xhtml" xml:lang="en" lang="en">
 <head>
  <title>
</title>
<meta http-equiv="Content-Type" content="text/html;charset=utf-8" />
  <meta name='ocr-system' content='tesseract 3.04.00' />
  <meta name='ocr-capabilities' content='ocr_page ocr_carea ocr_par ocr_line ocrx_word'/>
</head>
<body>
  <div class='ocr_page' id='page_1' title='image "./deprotectoribus00jullgoog_0016.png"; bbox 0 0 3488 5421; ppageno 0'>
   <div class='ocr_carea' id='block_1_1' title="bbox 1888 614 2167 673">
    <p class='ocr_par' dir='ltr' id='par_1_1' title="bbox 1888 614 2167 673">
     <span class='ocr_line' id='line_1_1' title="bbox 1888 614 2167 673; baseline 0 -14"><span class='ocrx_word' id='word_1_1' title='bbox 1888 614 2167 673; x_wconf 79' lang='lat'>...2-</span> 
     </span>
    </p>
   </div>
   <div class='ocr_carea' id='block_1_2' title="bbox 869 749 3092 3333">
    <p class='ocr_par' dir='ltr' id='par_1_2' title="bbox 869 749 3090 1468">
     <span class='ocr_line' id='line_1_2' title="bbox 968 749 3090 842; baseline 0.002 -22"><span class='ocrx_word' id='word_1_2' title='bbox 968 758 1254 842; x_wconf 86' lang='lat' dir='ltr'>gustum</span> <span class='ocrx_word' id='word_1_3' title='bbox 1289 757 1589 822; x_wconf 91' lang='lat' dir='ltr'>mortem</span> <span class='ocrx_word' id='word_1_4' title='bbox 1627 749 1869 821; x_wconf 91' lang='lat' dir='ltr'>obisse</span> <span class='ocrx_word' id='word_1_5' title='bbox 1916 749 2239 834; x_wconf 83' lang='lat' dir='ltr'>rescivit,</span> <span class='ocrx_word' id='word_1_6' title='bbox 2286 750 2640 841; x_wconf 86' lang='lat' dir='ltr'>praetoriis</span> <span class='ocrx_word' id='word_1_7' title='bbox 2677 752 3090 825; x_wconf 74' lang='lat' dir='ltr'>cohortibus</span> 
     </span>
     <span class='ocr_line' id='line_1_3' title="bbox 968 871 3087 969; baseline 0 -21"><span class='ocrx_word' id='word_1_8' title='bbox 968 877 1253 968; x_wconf 87' lang='lat' dir='ltr'>signum</span> <span class='ocrx_word' id='word_1_9' title='bbox 1292 873 1578 947; x_wconf 80' lang='lat' dir='ltr'>dedisse</span> <span class='ocrx_word' id='word_1_10' title='bbox 1621 871 1766 969; x_wconf 86' lang='lat'>(1),</span> <span class='ocrx_word' id='word_1_11' title='bbox 1813 871 1930 957; x_wconf 86' lang='lat' dir='ltr'>et,</span> <span class='ocrx_word' id='word_1_12' title='bbox 1976 891 2200 964; x_wconf 87' lang='lat' dir='ltr'>quum</span> <span class='ocrx_word' id='word_1_13' title='bbox 2239 893 2385 945; x_wconf 88' lang='lat' dir='ltr'>non</span> <span class='ocrx_word' id='word_1_14' title='bbox 2426 876 2652 947; x_wconf 91' lang='lat' dir='ltr'>multo</span> <span class='ocrx_word' id='word_1_15' title='bbox 2690 882 2854 968; x_wconf 90' lang='lat' dir='ltr'>post</span> <span class='ocrx_word' id='word_1_16' title='bbox 2891 895 2934 948; x_wconf 91' lang='lat' dir='ltr'>a</span> <span class='ocrx_word' id='word_1_17' title='bbox 2972 895 3087 949; x_wconf 91' lang='lat' dir='ltr'>se-</span> 
     </span>
     <span class='ocr_line' id='line_1_4' title="bbox 966 997 3088 1093; baseline 0 -21"><span class='ocrx_word' id='word_1_18' title='bbox 966 1007 1142 1072; x_wconf 89' lang='lat' dir='ltr'>natu</span> <span class='ocrx_word' id='word_1_19' title='bbox 1195 1005 1466 1091; x_wconf 89' lang='lat' dir='ltr'>peteret</span> <span class='ocrx_word' id='word_1_20' title='bbox 1518 1005 1599 1070; x_wconf 90' lang='lat' dir='ltr'>ut</span> <span class='ocrx_word' id='word_1_21' title='bbox 1648 997 2009 1071; x_wconf 89' lang='lat' dir='ltr'>securitati</span> <span class='ocrx_word' id='word_1_22' title='bbox 2063 997 2293 1089; x_wconf 89' lang='lat' dir='ltr'>ipsius</span> <span class='ocrx_word' id='word_1_23' title='bbox 2348 1005 2627 1093; x_wconf 75' lang='lat' dir='ltr'>patres,</span> <span class='ocrx_word' id='word_1_24' title='bbox 2672 999 3088 1073; x_wconf 82' lang='lat' dir='ltr'>custodibus</span> 
     </span>
     <span class='ocr_line' id='line_1_5' title="bbox 967 1120 3089 1207; baseline 0 -11"><span class='ocrx_word' id='word_1_25' title='bbox 967 1123 1154 1197; x_wconf 90' lang='lat' dir='ltr'>datis</span> <span class='ocrx_word' id='word_1_26' title='bbox 1184 1179 1203 1207; x_wconf 94' lang='lat'>,</span> <span class='ocrx_word' id='word_1_27' title='bbox 1273 1122 1769 1205; x_wconf 86' lang='lat' dir='ltr'>consulerent,</span> <span class='ocrx_word' id='word_1_28' title='bbox 1839 1120 2307 1194; x_wconf 90' lang='lat' dir='ltr'>irridentibus</span> <span class='ocrx_word' id='word_1_29' title='bbox 2376 1124 2753 1197; x_wconf 89' lang='lat' dir='ltr'>nonnullis</span> <span class='ocrx_word' id='word_1_30' title='bbox 2817 1124 3089 1197; x_wconf 85' lang='lat' dir='ltr'>dixisse</span> 
     </span>
     <span class='ocr_line' id='line_1_6' title="bbox 869 1246 3089 1340; baseline 0.002 -24"><span class='ocrx_word' id='word_1_31' title='bbox 869 1266 875 1270; x_wconf 62' lang='grc'><strong><em>’</em></strong></span> <span class='ocrx_word' id='word_1_32' title='bbox 980 1276 1011 1315; x_wconf 72' lang='grc' dir='ltr'>ι</span> <span class='ocrx_word' id='word_1_33' title='bbox 1068 1267 1214 1320; x_wconf 89' lang='lat' dir='ltr'>non</span> <span class='ocrx_word' id='word_1_34' title='bbox 1263 1267 1434 1321; x_wconf 91' lang='lat' dir='ltr'>suos</span> <span class='ocrx_word' id='word_1_35' title='bbox 1455 1303 1474 1331; x_wconf 94' lang='lat'>,</span> <span class='ocrx_word' id='word_1_36' title='bbox 1531 1246 1660 1321; x_wconf 94' lang='lat' dir='ltr'>sed</span> <span class='ocrx_word' id='word_1_37' title='bbox 1714 1246 2125 1339; x_wconf 74' lang='lat' dir='ltr'>reipublicae</span> <span class='ocrx_word' id='word_1_38' title='bbox 2176 1264 2335 1320; x_wconf 92' lang='lat' dir='ltr'>esse</span> <span class='ocrx_word' id='word_1_39' title='bbox 2388 1248 2854 1340; x_wconf 74' lang='lat' dir='ltr'>praetorianos</span> <span class='ocrx_word' id='word_1_40' title='bbox 2899 1250 3089 1321; x_wconf 81' lang='lat' dir='ltr'>mili-</span> 
     </span>
     <span class='ocr_line' id='line_1_7' title="bbox 964 1369 1320 1468; baseline -0.022 -21"><span class='ocrx_word' id='word_1_41' title='bbox 964 1381 1072 1447; x_wconf 71' lang='lat' dir='ltr'>teS</span> <span class='ocrx_word' id='word_1_42' title='bbox 1119 1369 1248 1468; x_wconf 63' lang='grc' dir='ltr'>(Ξ).</span> <span class='ocrx_word' id='word_1_43' title='bbox 1288 1400 1320 1438; x_wconf 68' lang='grc' dir='ltr'><strong><em>ι</em></strong></span> 
     </span>
    </p>

    <p class='ocr_par' dir='ltr' id='par_1_3' title="bbox 960 1494 3092 2461">
     <span class='ocr_line' id='line_1_8' title="bbox 1072 1494 3088 1592; baseline -0 -19"><span class='ocrx_word' id='word_1_44' title='bbox 1072 1499 1579 1591; x_wconf 83' lang='lat' dir='ltr'>Deligebantur</span> <span class='ocrx_word' id='word_1_45' title='bbox 1629 1497 1955 1570; x_wconf 90' lang='lat' dir='ltr'>cohortes</span> <span class='ocrx_word' id='word_1_46' title='bbox 2002 1497 2190 1569; x_wconf 89' lang='lat' dir='ltr'>inter</span> <span class='ocrx_word' id='word_1_47' title='bbox 2232 1497 2446 1570; x_wconf 91' lang='lat' dir='ltr'>Italos</span> <span class='ocrx_word' id='word_1_48' title='bbox 2503 1494 2597 1592; x_wconf 80' lang='grc'>(5)</span> <span class='ocrx_word' id='word_1_49' title='bbox 2631 1552 2649 1583; x_wconf 94' lang='grc'><strong>,</strong></span> <span class='ocrx_word' id='word_1_50' title='bbox 2704 1497 2964 1572; x_wconf 89' lang='lat' dir='ltr'>deinde</span> <span class='ocrx_word' id='word_1_51' title='bbox 3018 1507 3088 1572; x_wconf 94' lang='lat' dir='ltr'>et</span> 
     </span>
     <span class='ocr_line' id='line_1_9' title="bbox 965 1622 3092 1714; baseline -0.001 -16"><span class='ocrx_word' id='word_1_52' title='bbox 965 1627 1153 1699; x_wconf 89' lang='lat' dir='ltr'>inter</span> <span class='ocrx_word' id='word_1_53' title='bbox 1212 1624 1483 1704; x_wconf 89' lang='lat' dir='ltr'>Norici,</span> <span class='ocrx_word' id='word_1_54' title='bbox 1551 1623 1984 1696; x_wconf 75' lang='lat' dir='ltr'>Macedoniae</span> <span class='ocrx_word' id='word_1_55' title='bbox 2050 1622 2558 1714; x_wconf 69' lang='lat' dir='ltr'>Hispaniasque</span> <span class='ocrx_word' id='word_1_56' title='bbox 2621 1623 2807 1696; x_wconf 88' lang='lat' dir='ltr'>cives</span> <span class='ocrx_word' id='word_1_57' title='bbox 2862 1642 3092 1697; x_wconf 91' lang='lat' dir='ltr'>roma-</span> 
     </span>
     <span class='ocr_line' id='line_1_10' title="bbox 962 1746 3080 1843; baseline -0 -22"><span class='ocrx_word' id='word_1_58' title='bbox 962 1769 1096 1823; x_wconf 91' lang='lat' dir='ltr'>nos</span> <span class='ocrx_word' id='word_1_59' title='bbox 1163 1746 1257 1843; x_wconf 76' lang='lat'>(4)</span> <span class='ocrx_word' id='word_1_60' title='bbox 1283 1803 1302 1830; x_wconf 99' lang='lat'>,</span> <span class='ocrx_word' id='word_1_61' title='bbox 1360 1766 1665 1839; x_wconf 85' lang='lat' dir='ltr'>quorum</span> <span class='ocrx_word' id='word_1_62' title='bbox 1711 1746 1895 1819; x_wconf 91' lang='lat' dir='ltr'>illud</span> <span class='ocrx_word' id='word_1_63' title='bbox 1945 1746 2396 1838; x_wconf 84' lang='lat' dir='ltr'>privilegium</span> <span class='ocrx_word' id='word_1_64' title='bbox 2451 1755 2638 1832; x_wconf 90' lang='lat' dir='ltr'>erat,</span> <span class='ocrx_word' id='word_1_65' title='bbox 2704 1749 2946 1821; x_wconf 81' lang='lat' dir='ltr'>Romae</span> <span class='ocrx_word' id='word_1_66' title='bbox 3004 1750 3080 1820; x_wconf 91' lang='lat' dir='ltr'>in</span> 
     </span>
     <span class='ocr_line' id='line_1_11' title="bbox 960 1869 3087 1968; baseline -0.001 -24"><span class='ocrx_word' id='word_1_67' title='bbox 960 1874 1292 1968; x_wconf 85' lang='lat' dir='ltr'>praetorio</span> <span class='ocrx_word' id='word_1_68' title='bbox 1356 1870 1703 1962; x_wconf 88' lang='lat' dir='ltr'>principis</span> <span class='ocrx_word' id='word_1_69' title='bbox 1753 1870 2085 1941; x_wconf 89' lang='lat' dir='ltr'>militare.</span> <span class='ocrx_word' id='word_1_70' title='bbox 2149 1869 2323 1941; x_wconf 91' lang='lat' dir='ltr'>Inde</span> <span class='ocrx_word' id='word_1_71' title='bbox 2377 1889 2420 1941; x_wconf 95' lang='lat' dir='ltr'>a</span> <span class='ocrx_word' id='word_1_72' title='bbox 2471 1871 2797 1961; x_wconf 89' lang='lat' dir='ltr'>Septimii</span> <span class='ocrx_word' id='word_1_73' title='bbox 2851 1873 3087 1945; x_wconf 87' lang='lat' dir='ltr'>Severi</span> 
     </span>
     <span class='ocr_line' id='line_1_12' title="bbox 960 1994 3082 2090; baseline 0 -21"><span class='ocrx_word' id='word_1_74' title='bbox 960 1999 1365 2090; x_wconf 89' lang='lat' dir='ltr'>principatu</span> <span class='ocrx_word' id='word_1_75' title='bbox 1394 2050 1413 2077; x_wconf 99' lang='lat'>,</span> <span class='ocrx_word' id='word_1_76' title='bbox 1471 2016 1514 2066; x_wconf 91' lang='lat' dir='ltr'>a</span> <span class='ocrx_word' id='word_1_77' title='bbox 1566 1994 1958 2066; x_wconf 81' lang='lat' dir='ltr'>fortissimo</span> <span class='ocrx_word' id='word_1_78' title='bbox 2018 2013 2308 2085; x_wconf 85' lang='lat' dir='ltr'>quoque</span> <span class='ocrx_word' id='word_1_79' title='bbox 2368 1995 2728 2087; x_wconf 84' lang='lat' dir='ltr'>legionum</span> <span class='ocrx_word' id='word_1_80' title='bbox 2792 1998 3082 2088; x_wconf 88' lang='lat' dir='ltr'>supple-</span> 
     </span>
     <span class='ocr_line' id='line_1_13' title="bbox 960 2116 3086 2215; baseline -0 -21"><span class='ocrx_word' id='word_1_81' title='bbox 960 2118 1225 2194; x_wconf 81' lang='lat' dir='ltr'>bantur</span> <span class='ocrx_word' id='word_1_82' title='bbox 1277 2116 1371 2215; x_wconf 80' lang='grc'>(5)</span> <span class='ocrx_word' id='word_1_83' title='bbox 1399 2175 1416 2202; x_wconf 94' lang='grc'>,</span> <span class='ocrx_word' id='word_1_84' title='bbox 1470 2136 1707 2210; x_wconf 86' lang='lat' dir='ltr'>neque</span> <span class='ocrx_word' id='word_1_85' title='bbox 1767 2137 1849 2189; x_wconf 94' lang='lat' dir='ltr'>eo</span> <span class='ocrx_word' id='word_1_86' title='bbox 1906 2119 2146 2190; x_wconf 89' lang='lat' dir='ltr'>minus</span> <span class='ocrx_word' id='word_1_87' title='bbox 2204 2119 2383 2191; x_wconf 92' lang='lat' dir='ltr'>lecta</span> <span class='ocrx_word' id='word_1_88' title='bbox 2434 2139 2691 2192; x_wconf 88' lang='lat' dir='ltr'>manus</span> <span class='ocrx_word' id='word_1_89' title='bbox 2744 2139 3086 2194; x_wconf 88' lang='lat' dir='ltr'>numerus</span> 
     </span>
     <span class='ocr_line' id='line_1_14' title="bbox 960 2241 3084 2340; baseline -0 -23"><span class='ocrx_word' id='word_1_90' title='bbox 960 2245 1552 2340; x_wconf 85' lang='lat' dir='ltr'>praetorianorum</span> <span class='ocrx_word' id='word_1_91' title='bbox 1608 2241 2009 2314; x_wconf 86' lang='lat' dir='ltr'>habebatur</span> <span class='ocrx_word' id='word_1_92' title='bbox 2032 2296 2049 2325; x_wconf 92' lang='lat'>‚</span> <span class='ocrx_word' id='word_1_93' title='bbox 2111 2249 2180 2313; x_wconf 91' lang='lat' dir='ltr'>et</span> <span class='ocrx_word' id='word_1_94' title='bbox 2241 2249 2584 2334; x_wconf 87' lang='lat' dir='ltr'>tanquam</span> <span class='ocrx_word' id='word_1_95' title='bbox 2649 2244 3084 2318; x_wconf 85' lang='lat' dir='ltr'>exercituum</span> 
     </span>
     <span class='ocr_line' id='line_1_15' title="bbox 960 2353 2077 2461; baseline -0.004 -19"><span class='ocrx_word' id='word_1_96' title='bbox 960 2371 1206 2461; x_wconf 88' lang='lat' dir='ltr'>populi</span> <span class='ocrx_word' id='word_1_97' title='bbox 1247 2367 1524 2440; x_wconf 87' lang='lat' dir='ltr'>romani</span> <span class='ocrx_word' id='word_1_98' title='bbox 1564 2367 1698 2439; x_wconf 91' lang='lat' dir='ltr'>flos</span> <span class='ocrx_word' id='word_1_99' title='bbox 1741 2353 2077 2438; x_wconf 55' lang='lat' dir='ltr'>eximius,</span> 
     </span>
    </p>

    <p class='ocr_par' dir='ltr' id='par_1_4' title="bbox 951 2491 3084 3333">
     <span class='ocr_line' id='line_1_16' title="bbox 1060 2491 3083 2593; baseline 0.001 -29"><span class='ocrx_word' id='word_1_100' title='bbox 1060 2495 1161 2564; x_wconf 88' lang='lat' dir='ltr'>Ex</span> <span class='ocrx_word' id='word_1_101' title='bbox 1208 2493 1332 2564; x_wconf 92' lang='lat' dir='ltr'>illa</span> <span class='ocrx_word' id='word_1_102' title='bbox 1387 2511 1463 2563; x_wconf 92' lang='lat' dir='ltr'>re</span> <span class='ocrx_word' id='word_1_103' title='bbox 1515 2491 1844 2563; x_wconf 90' lang='lat' dir='ltr'>cohortes</span> <span class='ocrx_word' id='word_1_104' title='bbox 1900 2492 2102 2563; x_wconf 89' lang='lat' dir='ltr'>nullo</span> <span class='ocrx_word' id='word_1_105' title='bbox 2161 2511 2482 2582; x_wconf 87' lang='lat' dir='ltr'>unquam</span> <span class='ocrx_word' id='word_1_106' title='bbox 2528 2495 2802 2584; x_wconf 86' lang='lat' dir='ltr'>privato</span> <span class='ocrx_word' id='word_1_107' title='bbox 2853 2494 3083 2593; x_wconf 85' lang='lat' dir='ltr'>officio</span> 
     </span>
     <span class='ocr_line' id='line_1_17' title="bbox 960 2616 3083 2709; baseline 0 -19"><span class='ocrx_word' id='word_1_108' title='bbox 960 2619 1143 2690; x_wconf 88' lang='lat' dir='ltr'>circa</span> <span class='ocrx_word' id='word_1_109' title='bbox 1170 2624 1509 2709; x_wconf 84' lang='lat' dir='ltr'>augustos</span> <span class='ocrx_word' id='word_1_110' title='bbox 1548 2617 1828 2688; x_wconf 85' lang='lat' dir='ltr'>functas</span> <span class='ocrx_word' id='word_1_111' title='bbox 1868 2636 2026 2688; x_wconf 91' lang='lat' dir='ltr'>esse</span> <span class='ocrx_word' id='word_1_112' title='bbox 2066 2616 2298 2708; x_wconf 84' lang='lat' dir='ltr'>colligi</span> <span class='ocrx_word' id='word_1_113' title='bbox 2330 2624 2589 2708; x_wconf 87' lang='lat' dir='ltr'>potest,</span> <span class='ocrx_word' id='word_1_114' title='bbox 2631 2620 2825 2709; x_wconf 87' lang='lat' dir='ltr'>quod</span> <span class='ocrx_word' id='word_1_115' title='bbox 2853 2620 3083 2709; x_wconf 88' lang='lat' dir='ltr'>primo</span> 
     </span>
     <span class='ocr_line' id='line_1_18' title="bbox 951 2719 3084 2835; baseline 0 -20"><span class='ocrx_word' id='word_1_116' title='bbox 951 2747 1100 2835; x_wconf 85' lang='lat' dir='ltr'>jam</span> <span class='ocrx_word' id='word_1_117' title='bbox 1140 2744 1369 2816; x_wconf 84' lang='lat' dir='ltr'>aetatis</span> <span class='ocrx_word' id='word_1_118' title='bbox 1400 2741 1877 2832; x_wconf 84' lang='lat' dir='ltr'>imperatoriae</span> <span class='ocrx_word' id='word_1_119' title='bbox 1915 2719 2174 2814; x_wconf 85' lang='lat' dir='ltr'>saeculo</span> <span class='ocrx_word' id='word_1_120' title='bbox 2199 2797 2216 2824; x_wconf 94' lang='lat'>,</span> <span class='ocrx_word' id='word_1_121' title='bbox 2253 2742 2538 2833; x_wconf 87' lang='lat' dir='ltr'>publica</span> <span class='ocrx_word' id='word_1_122' title='bbox 2567 2744 2875 2834; x_wconf 84' lang='lat' dir='ltr'>praefecti</span> <span class='ocrx_word' id='word_1_123' title='bbox 2907 2763 3084 2835; x_wconf 81' lang='lat' dir='ltr'>prae-</span> 
     </span>
     <span class='ocr_line' id='line_1_19' title="bbox 959 2866 3083 2957; baseline -0 -18"><span class='ocrx_word' id='word_1_124' title='bbox 959 2867 1140 2939; x_wconf 90' lang='lat' dir='ltr'>torio</span> <span class='ocrx_word' id='word_1_125' title='bbox 1188 2885 1488 2938; x_wconf 91' lang='lat' dir='ltr'>munera</span> <span class='ocrx_word' id='word_1_126' title='bbox 1539 2866 2187 2948; x_wconf 87' lang='lat' dir='ltr'>administrabant;</span> <span class='ocrx_word' id='word_1_127' title='bbox 2243 2885 2611 2957; x_wconf 87' lang='lat' dir='ltr'>quumque</span> <span class='ocrx_word' id='word_1_128' title='bbox 2659 2887 2702 2939; x_wconf 95' lang='lat' dir='ltr'>a</span> <span class='ocrx_word' id='word_1_129' title='bbox 2739 2868 3083 2940; x_wconf 89' lang='lat' dir='ltr'>Constan-</span> 
     </span>
     <span class='ocr_line' id='line_1_20' title="bbox 959 2981 3082 3083; baseline 0 -19"><span class='ocrx_word' id='word_1_130' title='bbox 959 2993 1109 3065; x_wconf 90' lang='lat' dir='ltr'>tino</span> <span class='ocrx_word' id='word_1_131' title='bbox 1150 2992 1449 3063; x_wconf 81' lang='lat' dir='ltr'>sublatae</span> <span class='ocrx_word' id='word_1_132' title='bbox 1485 2991 1775 3062; x_wconf 82' lang='lat' dir='ltr'>fuerunt</span> <span class='ocrx_word' id='word_1_133' title='bbox 1806 2992 2167 3075; x_wconf 80' lang='lat' dir='ltr'>cohorteS‚</span> <span class='ocrx_word' id='word_1_134' title='bbox 2211 2993 2470 3063; x_wconf 90' lang='lat' dir='ltr'>horum</span> <span class='ocrx_word' id='word_1_135' title='bbox 2510 2981 2891 3065; x_wconf 88' lang='lat' dir='ltr'>munerum</span> <span class='ocrx_word' id='word_1_136' title='bbox 2928 3012 3082 3083; x_wconf 85' lang='lat' dir='ltr'>gra-</span> 
     </span>
     <span class='ocr_line' id='line_1_21' title="bbox 960 3114 3080 3206; baseline 0 -20"><span class='ocrx_word' id='word_1_137' title='bbox 960 3116 1057 3187; x_wconf 85' lang='lat' dir='ltr'>tia</span> <span class='ocrx_word' id='word_1_138' title='bbox 1111 3115 1272 3186; x_wconf 89' lang='lat' dir='ltr'>ideo</span> <span class='ocrx_word' id='word_1_139' title='bbox 1325 3114 1740 3205; x_wconf 78' lang='lat' dir='ltr'>praefectura</span> <span class='ocrx_word' id='word_1_140' title='bbox 1790 3114 2105 3204; x_wconf 80' lang='lat' dir='ltr'>praetorii</span> <span class='ocrx_word' id='word_1_141' title='bbox 2146 3116 2543 3205; x_wconf 88' lang='lat' dir='ltr'>permansit</span> <span class='ocrx_word' id='word_1_142' title='bbox 2565 3115 2588 3199; x_wconf 90' lang='lat'>‚&#39;</span> <span class='ocrx_word' id='word_1_143' title='bbox 2629 3116 2799 3206; x_wconf 86' lang='lat' dir='ltr'>quia</span> <span class='ocrx_word' id='word_1_144' title='bbox 2849 3116 2955 3187; x_wconf 91' lang='lat' dir='ltr'>illi</span> <span class='ocrx_word' id='word_1_145' title='bbox 3005 3116 3080 3186; x_wconf 92' lang='lat' dir='ltr'>in</span> 
     </span>
     <span class='ocr_line' id='line_1_22' title="bbox 958 3235 2639 3333; baseline -0.001 -22"><span class='ocrx_word' id='word_1_146' title='bbox 958 3240 1256 3330; x_wconf 88' lang='lat' dir='ltr'>imperio</span> <span class='ocrx_word' id='word_1_147' title='bbox 1301 3257 1583 3312; x_wconf 90' lang='lat' dir='ltr'>summa</span> <span class='ocrx_word' id='word_1_148' title='bbox 1618 3256 1856 3311; x_wconf 85' lang='lat' dir='ltr'>rerum</span> <span class='ocrx_word' id='word_1_149' title='bbox 1897 3238 2278 3311; x_wconf 88' lang='lat' dir='ltr'>commissa</span> <span class='ocrx_word' id='word_1_150' title='bbox 2315 3246 2465 3311; x_wconf 89' lang='lat' dir='ltr'>erat</span> <span class='ocrx_word' id='word_1_151' title='bbox 2511 3235 2639 3333; x_wconf 88' lang='grc'>(6).</span> 
     </span>
    </p>
   </div>
   <div class='ocr_carea' id='block_1_3' title="bbox 881 3492 3082 4349">
    <p class='ocr_par' dir='ltr' id='par_1_5' title="bbox 1021 3492 1766 3559">
     <span class='ocr_line' id='line_1_23' title="bbox 1021 3492 1766 3559; baseline -0.004 -15"><span class='ocrx_word' id='word_1_152' title='bbox 1021 3494 1086 3559; x_wconf 93' lang='grc'>(1)</span> <span class='ocrx_word' id='word_1_153' title='bbox 1117 3492 1358 3555; x_wconf 83' lang='lat' dir='ltr'>Tacitus,</span> <span class='ocrx_word' id='word_1_154' title='bbox 1388 3492 1609 3553; x_wconf 77' lang='lat' dir='ltr'>Annales,</span> <span class='ocrx_word' id='word_1_155' title='bbox 1644 3492 1686 3552; x_wconf 86' lang='grc'>1,</span> <span class='ocrx_word' id='word_1_156' title='bbox 1717 3492 1766 3541; x_wconf 81' lang='grc'>7.</span> 
     </span>
    </p>

    <p class='ocr_par' dir='ltr' id='par_1_6' title="bbox 1016 3581 2986 3648">
     <span class='ocr_line' id='line_1_24' title="bbox 1016 3581 2986 3648; baseline -0.001 -15"><span class='ocrx_word' id='word_1_157' title='bbox 1016 3583 1086 3648; x_wconf 78' lang='lat'>(2)</span> <span class='ocrx_word' id='word_1_158' title='bbox 1116 3583 1326 3634; x_wconf 79' lang='lat' dir='ltr'>Cassius</span> <span class='ocrx_word' id='word_1_159' title='bbox 1357 3581 1474 3642; x_wconf 77' lang='lat' dir='ltr'>Dio,</span> <span class='ocrx_word' id='word_1_160' title='bbox 1509 3582 1587 3638; x_wconf 83' lang='lat'>57.</span> <span class='ocrx_word' id='word_1_161' title='bbox 1613 3581 1645 3630; x_wconf 73' lang='lat'><strong>2</strong></span> <span class='ocrx_word' id='word_1_162' title='bbox 1674 3601 1685 3629; x_wconf 89' lang='lat'>:</span> <span class='ocrx_word' id='word_1_163' title='bbox 1719 3584 1783 3632; x_wconf 79' lang='grc' dir='ltr'>Οἱ</span> <span class='ocrx_word' id='word_1_164' title='bbox 1814 3587 2122 3648; x_wconf 83' lang='grc' dir='ltr'><strong>στρατιῶται</strong></span> <span class='ocrx_word' id='word_1_165' title='bbox 2150 3583 2252 3645; x_wconf 44' lang='lat' dir='ltr'>oux,</span> <span class='ocrx_word' id='word_1_166' title='bbox 2268 3584 2403 3647; x_wconf 84' lang='grc' dir='ltr'><strong>ἐμοὶ,</strong></span> <span class='ocrx_word' id='word_1_167' title='bbox 2435 3583 2559 3634; x_wconf 82' lang='grc' dir='ltr'>ἀλλὰ</span> <span class='ocrx_word' id='word_1_168' title='bbox 2586 3582 2818 3645; x_wconf 85' lang='grc' dir='ltr'><strong>δημόσιοί</strong></span> <span class='ocrx_word' id='word_1_169' title='bbox 2844 3584 2986 3633; x_wconf 72' lang='grc' dir='ltr'><strong>εἰσιν.</strong></span> 
     </span>
    </p>

    <p class='ocr_par' dir='ltr' id='par_1_7' title="bbox 955 3667 3082 3820">
     <span class='ocr_line' id='line_1_25' title="bbox 1021 3667 3082 3734; baseline 0 -14"><span class='ocrx_word' id='word_1_170' title='bbox 1021 3672 1087 3734; x_wconf 80' lang='lat'>(3)</span> <span class='ocrx_word' id='word_1_171' title='bbox 1115 3670 1358 3729; x_wconf 88' lang='lat' dir='ltr'>Tacitus,</span> <span class='ocrx_word' id='word_1_172' title='bbox 1402 3670 1630 3729; x_wconf 78' lang='lat' dir='ltr'>Annales,</span> <span class='ocrx_word' id='word_1_173' title='bbox 1677 3669 1734 3731; x_wconf 88' lang='lat'>4,</span> <span class='ocrx_word' id='word_1_174' title='bbox 1777 3671 1835 3726; x_wconf 87' lang='lat'>5;</span> <span class='ocrx_word' id='word_1_175' title='bbox 1875 3671 2086 3720; x_wconf 82' lang='lat' dir='ltr'>Edictum</span> <span class='ocrx_word' id='word_1_176' title='bbox 2126 3669 2332 3731; x_wconf 79' lang='lat' dir='ltr'>Claudii,</span> <span class='ocrx_word' id='word_1_177' title='bbox 2375 3669 2422 3720; x_wconf 88' lang='lat' dir='ltr'>G.</span> <span class='ocrx_word' id='word_1_178' title='bbox 2469 3671 2503 3718; x_wconf 84' lang='lat' dir='ltr'>i.</span> <span class='ocrx_word' id='word_1_179' title='bbox 2542 3670 2597 3730; x_wconf 84' lang='lat'>1.,</span> <span class='ocrx_word' id='word_1_180' title='bbox 2638 3667 2707 3726; x_wconf 82' lang='lat' dir='ltr'>V,</span> <span class='ocrx_word' id='word_1_181' title='bbox 2747 3668 2890 3720; x_wconf 82' lang='lat'><strong>5050.</strong></span> <span class='ocrx_word' id='word_1_182' title='bbox 2932 3669 3082 3720; x_wconf 84' lang='lat' dir='ltr'>Adde</span> 
     </span>
     <span class='ocr_line' id='line_1_26' title="bbox 955 3756 2752 3820; baseline -0.002 -11"><span class='ocrx_word' id='word_1_183' title='bbox 955 3758 1394 3809; x_wconf 83' lang='lat' dir='ltr'>commentarium</span> <span class='ocrx_word' id='word_1_184' title='bbox 1418 3757 1709 3807; x_wconf 85' lang='lat' dir='ltr'>Mommsen</span> <span class='ocrx_word' id='word_1_185' title='bbox 1739 3758 1804 3806; x_wconf 90' lang='lat' dir='ltr'>ad</span> <span class='ocrx_word' id='word_1_186' title='bbox 1836 3758 2098 3818; x_wconf 88' lang='lat' dir='ltr'>edictum,</span> <span class='ocrx_word' id='word_1_187' title='bbox 2125 3759 2336 3818; x_wconf 79' lang='lat' dir='ltr'>Hermes,</span> <span class='ocrx_word' id='word_1_188' title='bbox 2371 3757 2489 3808; x_wconf 86' lang='grc'><strong>1869</strong></span> <span class='ocrx_word' id='word_1_189' title='bbox 2508 3795 2521 3818; x_wconf 86' lang='grc'><em>,</em></span> <span class='ocrx_word' id='word_1_190' title='bbox 2551 3771 2604 3820; x_wconf 88' lang='lat' dir='ltr'>p.</span> <span class='ocrx_word' id='word_1_191' title='bbox 2647 3756 2752 3807; x_wconf 82' lang='lat'><strong>117.</strong></span> 
     </span>
    </p>

    <p class='ocr_par' dir='ltr' id='par_1_8' title="bbox 1016 3845 2428 3913">
     <span class='ocr_line' id='line_1_27' title="bbox 1016 3845 2428 3913; baseline 0.001 -15"><span class='ocrx_word' id='word_1_192' title='bbox 1016 3848 1084 3913; x_wconf 77' lang='lat'>(4)</span> <span class='ocrx_word' id='word_1_193' title='bbox 1112 3845 1326 3898; x_wconf 83' lang='lat' dir='ltr'>Cassius</span> <span class='ocrx_word' id='word_1_194' title='bbox 1352 3847 1467 3908; x_wconf 90' lang='lat' dir='ltr'>Dio,</span> <span class='ocrx_word' id='word_1_195' title='bbox 1494 3846 1572 3907; x_wconf 87' lang='lat'>74,</span> <span class='ocrx_word' id='word_1_196' title='bbox 1601 3847 1656 3909; x_wconf 72' lang='lat'>23</span> <span class='ocrx_word' id='word_1_197' title='bbox 1688 3848 1761 3897; x_wconf 82' lang='lat' dir='ltr'>cf.</span> <span class='ocrx_word' id='word_1_198' title='bbox 1792 3845 2113 3907; x_wconf 86' lang='lat' dir='ltr'>Mommsen,</span> <span class='ocrx_word' id='word_1_199' title='bbox 2145 3848 2238 3897; x_wconf 85' lang='lat' dir='ltr'>loco</span> <span class='ocrx_word' id='word_1_200' title='bbox 2271 3847 2428 3900; x_wconf 74' lang='lat' dir='ltr'>citato.</span> 
     </span>
    </p>

    <p class='ocr_par' dir='ltr' id='par_1_9' title="bbox 881 3934 3082 4349">
     <span class='ocr_line' id='line_1_28' title="bbox 1017 3934 3082 4002; baseline 0.001 -17"><span class='ocrx_word' id='word_1_201' title='bbox 1017 3937 1088 4000; x_wconf 85' lang='lat'>(5)</span> <span class='ocrx_word' id='word_1_202' title='bbox 1115 3934 1326 3986; x_wconf 86' lang='lat' dir='ltr'>Cassius</span> <span class='ocrx_word' id='word_1_203' title='bbox 1356 3935 1472 3997; x_wconf 89' lang='lat' dir='ltr'>Di0‚</span> <span class='ocrx_word' id='word_1_204' title='bbox 1498 3935 1576 3995; x_wconf 83' lang='lat'>74,</span> <span class='ocrx_word' id='word_1_205' title='bbox 1606 3935 1635 3983; x_wconf 75' lang='lat'><strong>2</strong></span> <span class='ocrx_word' id='word_1_206' title='bbox 1666 3955 1677 3984; x_wconf 74' lang='grc' dir='ltr'><strong><em>ε</em></strong></span> <span class='ocrx_word' id='word_1_207' title='bbox 1715 3934 1801 3985; x_wconf 80' lang='grc' dir='ltr'>Ἐκ</span> <span class='ocrx_word' id='word_1_208' title='bbox 1825 3937 1879 3987; x_wconf 84' lang='grc' dir='ltr'>δὲ</span> <span class='ocrx_word' id='word_1_209' title='bbox 1910 3938 1969 3995; x_wconf 82' lang='grc' dir='ltr'>δὴ</span> <span class='ocrx_word' id='word_1_210' title='bbox 1996 3942 2093 3987; x_wconf 83' lang='grc' dir='ltr'>τῶν</span> <span class='ocrx_word' id='word_1_211' title='bbox 2121 3938 2470 4002; x_wconf 84' lang='grc' dir='ltr'>στρατοπέδων</span> <span class='ocrx_word' id='word_1_212' title='bbox 2500 3936 2678 4000; x_wconf 80' lang='grc' dir='ltr'><strong>ὁμοίως</strong></span> <span class='ocrx_word' id='word_1_213' title='bbox 2704 3936 2897 3987; x_wconf 81' lang='grc' dir='ltr'><strong>πάντων</strong></span> <span class='ocrx_word' id='word_1_214' title='bbox 2922 3938 2981 3987; x_wconf 78' lang='grc' dir='ltr'>τὸ</span> <span class='ocrx_word' id='word_1_215' title='bbox 3004 3938 3082 3988; x_wconf 80' lang='grc' dir='ltr'>ἀεὶ</span> 
     </span>
     <span class='ocr_line' id='line_1_29' title="bbox 953 4023 3080 4087; baseline -0.001 -12"><span class='ocrx_word' id='word_1_216' title='bbox 953 4025 1108 4083; x_wconf 78' lang='grc' dir='ltr'>ἐνδεὲς</span> <span class='ocrx_word' id='word_1_217' title='bbox 1143 4025 1196 4073; x_wconf 81' lang='grc' dir='ltr'>ὃν</span> <span class='ocrx_word' id='word_1_218' title='bbox 1226 4023 1658 4074; x_wconf 80' lang='grc' dir='ltr'>ἀντικαθίστασθαι</span> <span class='ocrx_word' id='word_1_219' title='bbox 1687 4024 1858 4085; x_wconf 83' lang='grc' dir='ltr'><strong>τάξας,</strong></span> <span class='ocrx_word' id='word_1_220' title='bbox 1906 4028 2008 4073; x_wconf 85' lang='lat' dir='ltr'>etc.</span> <span class='ocrx_word' id='word_1_221' title='bbox 2051 4023 2203 4084; x_wconf 87' lang='lat' dir='ltr'>Quod</span> <span class='ocrx_word' id='word_1_222' title='bbox 2244 4024 2381 4073; x_wconf 86' lang='lat' dir='ltr'>tituli</span> <span class='ocrx_word' id='word_1_223' title='bbox 2431 4029 2485 4073; x_wconf 81' lang='lat' dir='ltr'>et</span> <span class='ocrx_word' id='word_1_224' title='bbox 2521 4024 2761 4074; x_wconf 83' lang='lat' dir='ltr'>laterculi</span> <span class='ocrx_word' id='word_1_225' title='bbox 2798 4026 3080 4087; x_wconf 82' lang='lat' dir='ltr'>praetoria-</span> 
     </span>
     <span class='ocr_line' id='line_1_30' title="bbox 953 4109 3078 4184; baseline 0 -23"><span class='ocrx_word' id='word_1_226' title='bbox 953 4126 1141 4161; x_wconf 89' lang='lat' dir='ltr'>norum</span> <span class='ocrx_word' id='word_1_227' title='bbox 1169 4113 1499 4161; x_wconf 85' lang='lat' dir='ltr'>confirmant.</span> <span class='ocrx_word' id='word_1_228' title='bbox 1528 4109 1609 4160; x_wconf 77' lang='lat' dir='ltr'>Cf.</span> <span class='ocrx_word' id='word_1_229' title='bbox 1640 4109 1876 4171; x_wconf 89' lang='lat' dir='ltr'>Henzen,</span> <span class='ocrx_word' id='word_1_230' title='bbox 1905 4111 2135 4162; x_wconf 77' lang='lat' dir='ltr'>Bulletino</span> <span class='ocrx_word' id='word_1_231' title='bbox 2160 4112 2277 4162; x_wconf 77' lang='lat' dir='ltr'>della</span> <span class='ocrx_word' id='word_1_232' title='bbox 2311 4114 2615 4184; x_wconf 59' lang='lat' dir='ltr'>commissione</span> <span class='ocrx_word' id='word_1_233' title='bbox 2640 4113 2946 4174; x_wconf 73' lang='lat' dir='ltr'>archeotoqica</span> <span class='ocrx_word' id='word_1_234' title='bbox 2973 4126 3078 4162; x_wconf 80' lang='lat' dir='ltr'>mu-</span> 
     </span>
     <span class='ocr_line' id='line_1_31' title="bbox 881 4197 3072 4265; baseline 0.001 -16"><span class='ocrx_word' id='word_1_235' title='bbox 881 4210 888 4215; x_wconf 87' lang='lat'>·</span> <span class='ocrx_word' id='word_1_236' title='bbox 950 4199 1160 4261; x_wconf 78' lang='lat' dir='ltr'>nicipale,</span> <span class='ocrx_word' id='word_1_237' title='bbox 1196 4198 1328 4253; x_wconf 82' lang='lat'><strong>1874.</strong></span> <span class='ocrx_word' id='word_1_238' title='bbox 1352 4214 1401 4261; x_wconf 92' lang='lat' dir='ltr'>p.</span> <span class='ocrx_word' id='word_1_239' title='bbox 1423 4197 1514 4260; x_wconf 75' lang='lat'>623</span> <span class='ocrx_word' id='word_1_240' title='bbox 1543 4197 1711 4260; x_wconf 86' lang='lat' dir='ltr'>Bohn,</span> <span class='ocrx_word' id='word_1_241' title='bbox 1738 4199 1882 4249; x_wconf 73' lang='lat' dir='ltr'>Ueber</span> <span class='ocrx_word' id='word_1_242' title='bbox 1899 4200 1969 4248; x_wconf 80' lang='lat' dir='ltr'>die</span> <span class='ocrx_word' id='word_1_243' title='bbox 1993 4201 2200 4251; x_wconf 80' lang='lat' dir='ltr'>Heimath</span> <span class='ocrx_word' id='word_1_244' title='bbox 2225 4201 2303 4250; x_wconf 82' lang='lat' dir='ltr'>der</span> <span class='ocrx_word' id='word_1_245' title='bbox 2328 4201 2444 4252; x_wconf 71' lang='lat' dir='ltr'>Prd&#39;t</span> <span class='ocrx_word' id='word_1_246' title='bbox 2469 4201 2632 4264; x_wconf 88' lang='grc'><strong>(1883,</strong></span> <span class='ocrx_word' id='word_1_247' title='bbox 2666 4200 2882 4265; x_wconf 85' lang='lat' dir='ltr'>Berlin),</span> <span class='ocrx_word' id='word_1_248' title='bbox 2908 4216 2960 4265; x_wconf 86' lang='lat' dir='ltr'>p.</span> <span class='ocrx_word' id='word_1_249' title='bbox 2991 4201 3072 4251; x_wconf 81' lang='lat'>17.</span> 
     </span>
     <span class='ocr_line' id='line_1_32' title="bbox 1011 4285 1962 4349; baseline 0.001 -14"><span class='ocrx_word' id='word_1_250' title='bbox 1011 4287 1081 4349; x_wconf 87' lang='grc'>(6)</span> <span class='ocrx_word' id='word_1_251' title='bbox 1113 4286 1258 4336; x_wconf 76' lang='lat' dir='ltr'>Codex</span> <span class='ocrx_word' id='word_1_252' title='bbox 1284 4287 1625 4349; x_wconf 70' lang='lat' dir='ltr'>theodosianus,</span> <span class='ocrx_word' id='word_1_253' title='bbox 1661 4285 1743 4343; x_wconf 76' lang='grc'>12,</span> <span class='ocrx_word' id='word_1_254' title='bbox 1779 4286 1819 4347; x_wconf 90' lang='grc'>1,</span> <span class='ocrx_word' id='word_1_255' title='bbox 1856 4286 1962 4337; x_wconf 89' lang='grc'><strong>117.</strong></span> 
     </span>
    </p>
   </div>
  </div>
 </body>
</html>
