3488 5421
1373 575 1693 637 -15—

479 721 591 793 cui
630 719 694 792 si
728 717 1003 800 credas,
1031 718 1391 808 protector
1416 711 1841 784 vocabulum
1898 737 1929 776 ι
1977 710 2193 784 latius
2236 730 2314 785 se
2356 719 2601 784 exten-

481 845 721 928 debat,
765 860 924 915 cum
960 858 1210 912 omnes
1248 854 1539 930 quoque
1568 843 2002 926 protectores
2042 836 2601 927 comprehende-

483 975 628 1051 ret,
691 985 928 1058 neque
972 982 1135 1036 vero
1183 980 1435 1034 omnes
1493 960 1866 1032 domestici
1937 960 2124 1032 inter
2158 957 2606 1059 {protectores

484 1092 774 1165 fuerint.
802 1116 834 1154 ι
877 1090 1013 1161 Res
1050 1093 1287 1163 autem
1323 1085 1535 1158 nobis
1574 1084 1799 1157 fuisse
1838 1085 1938 1156 ita
1968 1084 2248 1157 videtur
2291 1111 2307 1157 ε

583 1217 639 1286 1.
682 1211 1115 1282 Domesticus
1141 1216 1210 1284 et
1229 1213 1590 1302 protector
1618 1208 1962 1280 vocabula
1987 1227 2136 1280 non
2166 1208 2356 1282 idem
2388 1209 2608 1301 signi-

483 1338 735 1422 ficant,
792 1335 920 1409 sed
955 1334 1047 1408 ad
1070 1334 1403 1408 diversos
1442 1333 1719 1406 militiae
1757 1331 2018 1424 gradus
2056 1335 2446 1423 pertinent.
2513 1338 2605 1410 At

489 1464 564 1534 in
603 1461 968 1553 plerisque
997 1458 1275 1549 legibus
1309 1464 1611 1548 utroque
1641 1457 1856 1529 verbo
1897 1457 2114 1529 simul
2144 1457 2609 1550 imperatores

494 1592 834 1668 utuntur,
906 1582 1114 1673 quasi
1155 1581 1405 1655 eadem
1445 1581 1756 1671 dignitas
1800 1580 2066 1671 duplici
2107 1583 2320 1655 modo
2362 1586 2610 1676 appel-

494 1710 679 1783 letur
724 1704 852 1803 (1).
912 1707 1251 1794 Quaedam
1289 1712 1525 1779 autem
1568 1705 1759 1794 leges
1799 1703 1891 1776 ad
1930 1705 2359 1779 domesticos
2400 1708 2611 1782 modo

500 1838 860 1925 spectant,
925 1831 1087 1902 aliae
1127 1829 1455 1920 quaedam
1496 1827 1587 1899 ad
1625 1835 2085 1917 protectores.
2125 1830 2327 1902 Addo
2367 1833 2613 1917 etiam,

502 1975 724 2046 quum
785 1955 974 2027 idem
1030 1954 1119 2026 de
1175 1960 1479 2043 utroque
1546 1970 1846 2024 numero
1911 1953 2002 2024 ab
2068 1954 2621 2045 imperatoribus

496 2081 832 2174 J'ubeatur
856 2136 873 2163 ,
917 2080 1096 2152 duas
1137 2078 1352 2151 simul
1392 2080 1582 2169 leges
1621 2077 1826 2162 ferri,
1870 2079 2180 2168 priorem
2218 2079 2312 2152 ad
2351 2082 2627 2156 domes-

505 2207 718 2285 ticos,
762 2206 1058 2276 alteram
1097 2203 1188 2275 ad
1227 2208 1659 2294 protectores
1699 2204 2143 2293 rescriptam.
2189 2205 2398 2278 Anno
2441 2211 2579 2279 595
2606 2265 2623 2292 ‚

509 2349 548 2403 e
587 2330 1139 2401 domesticorum
1194 2345 1484 2432 corpore
1538 2335 1857 2419 segregat
1909 2328 2352 2402 Theodosius
2404 2351 2624 2421 quos-

513 2455 675 2527 dam
718 2452 1052 2526 officiales
1094 2451 1217 2541 qui
1257 2452 1332 2521 in
1372 2451 1506 2521 hoc
1542 2451 1987 2541 irrepserunt
2031 2477 2047 2522 ε
2095 2451 2290 2543 quod
2326 2473 2632 2547 praecep-

511 2584 662 2649 tum
710 2603 741 2642 «
777 2595 939 2667 erga
975 2582 1407 2665 protectores
1444 2593 1731 2665 quoque
1764 2576 1995 2648 valere
2027 2604 2057 2640 n
2104 2596 2294 2648 anno
2329 2582 2468 2650 595
2501 2579 2632 2651 filii

515 2701 893 2774 Theodosii
933 2701 1296 2774 declarant
1340 2695 1467 2795 (2).
1536 2701 1942 2772 Decernunt
1998 2720 2066 2772 a.
2120 2704 2260 2773 416
2317 2703 2631 2776 clarissi-

519 2833 786 2897 matum
821 2825 1259 2917 primoribus
1298 2811 1851 2895 domesticorum
1882 2824 2384 2915 imperatores;
2422 2847 2634 2917 quem

521 2951 769 3023 eodem
827 2969 1016 3020 anno
1074 2956 1142 3021 et
1203 2949 1723 3040 protectoribus
1786 2949 2199 3037 conferunt,
2271 2951 2398 3024 sed
2458 2970 2642 3023 nova

522 3074 708 3165 lege,
753 3073 957 3144 novis
997 3073 1231 3144 verbis
1272 3072 1534 3162 scripta
1580 3069 1710 3166 (5).

620 3200 708 3270 ΙΙ.
779 3198 1040 3288 Majore
1099 3196 1444 3287 dignitate
1507 3195 1878 3268 domestici
1934 3215 2150 3286 quam
2211 3205 2644 3295 protectores

525 3322 944 3393 fruebantur
995 3346 1011 3391 ε
1066 3321 1234 3391 huic
1269 3320 1451 3391 illud
1490 3338 1748 3411 corpus
1786 3321 2275 3393 antecedebat.
2348 3325 2642 3396 Domes-

529 3447 705 3517 ticos
745 3445 966 3517 fateor
1001 3445 1077 3516 in
1115 3445 1393 3535 legibus
1431 3444 1952 3534 protectoribus
2001 3446 2214 3518 modo
2262 3450 2663 3539 anteponi„

597 3700 662 3763 (1)
694 3699 966 3750 Domesticus
995 3713 1098 3748 Aua·
1117 3702 1362 3760 protector,
1397 3698 1451 3757 8,
1484 3697 1531 3757 7,
1563 3698 1591 3747 4
1624 3698 1784 3762 (386);
1814 3704 2090 3761 protectores
2119 3713 2222 3749 Aur
2252 3701 2540 3762 domesticos,
2582 3700 2655 3763 12,

538 3789 581 3845 1,
612 3788 641 3837 8
675 3786 833 3851 (382);
871 3791 1175 3849 protectorum
1202 3798 1302 3835 vm.
1331 3787 1697 3842 domesticorum.
1729 3786 1780 3842 7.
1814 3787 1867 3848 4,
1910 3786 1973 3836 27
1999 3787 2156 3851 (416);
2197 3789 2536 3839 domesticorum
2563 3803 2658 3840 suu

531 3882 857 3940 protectorum,
897 3875 977 3936 12,
1031 3873 1084 3936 l,
1125 3875 1186 3924 38
1218 3875 1374 3938 (346);
1421 3890 1475 3925 ea:
1503 3876 1831 3939 protectoribus
1860 3890 1965 3926 Aur
1994 3890 2049 3926 eae
2078 3878 2363 3939 domesticis,
2406 3878 2464 3941 7,
2508 3878 2599 3941 21,
2630 3878 2659 3929 3

535 3965 696 4028 (381);
728 3978 784 4013 eae
806 3964 1138 4027 protectoribus
1164 3978 1266 4015 vm.
1290 3978 1345 4014 ex
1374 3966 1656 4021 domesticis,
1692 3965 1774 4025 12,
1821 3964 1839 4013 1
1864 4002 1875 4024 ,
1918 3964 2000 4014 153
2032 3963 2191 4028 (397);
2236 3967 2287 4015 de
2315 3967 2567 4017 domesticis
2595 3982 2661 4017 m·

533 4052 879 4116 protectoribus,
901 4052 948 4109 6.
980 4052 1063 4115 24,
1094 4053 1304 4114 titulus;
1337 4054 1571 4104 domestici
1598 4066 1660 4105 Ac
1682 4059 1974 4116 protectores,
1999 4053 2046 4115 6,
2076 4054 2155 4116 24,
2188 4055 2216 4103 4
2243 4054 2400 4119 (387);
2427 4055 2662 4106 domestici

539 4154 708 4200 moun
732 4146 1021 4204 protectores,
1053 4141 1101 4202 6,
1129 4142 1209 4197 24,
1240 4143 1268 4191 7
1301 4141 1449 4203 (414).

606 4231 673 4295 (2)
708 4230 760 4281 G.
792 4231 880 4288 th..
909 4230 958 4291 6,
989 4231 1067 4290 24,
1097 4233 1125 4280 5
1154 4235 1207 4281 et
1234 4232 1284 4282 6.

605 4320 673 4385 (3)
707 4320 757 4371 G.
791 4322 877 4382 th„
906 4320 953 4382 6,
986 4320 1064 4380 24,
1098 4320 1127 4368 8
1156 4327 1207 4371 et
1236 4321 1282 4369 9.
