3488 5421
1435 1560 1556 1632 VII

993 1907 1082 1961 DE
1134 1907 1385 1961 COMITE
1435 1906 2001 1965 DOMESTICORUM.

502 2218 920 2292 Ordinibus
987 2225 1464 2311 protectorum
1520 2227 1590 2293 et
1654 2219 2210 2294 domesticorum
2270 2225 2564 2296 comites

431 2350 817 2436 praeerant,
884 2362 1067 2435 quos
1134 2344 1369 2427 tituli,
1438 2345 1630 2437 leges
1698 2352 1768 2418 et
1831 2345 2215 2437 scriptores
2283 2365 2565 2438 semper

428 2466 962 2539 domesticorum
1014 2467 1299 2540 comites
1335 2471 1727 2561 appellant.
1798 2470 1940 2542 Sed
1987 2477 2056 2542 et
2103 2471 2243 2562 ipsi
2290 2480 2563 2563 protec-

430 2600 617 2667 tores
656 2594 898 2667 comiti
936 2594 1490 2667 domesticorum
1530 2602 1734 2666 erant
1780 2594 2074 2666 obnoxii
2126 2620 2142 2666 ε
2187 2614 2560 2687 nunquam

432 2717 620 2790 enim
690 2724 1166 2810 protectorum
1228 2738 1464 2790 comes
1545 2726 2019 2803 memoratur,
2097 2719 2239 2793 nisi
2304 2721 2560 2812 quinto

424 2846 709 2928 saecu10,
753 2863 977 2937 quum
1009 2837 1362 2937 protector
1399 2844 1591 2916 idem
1631 2864 1712 2917 ac
1749 2844 2164 2917 domesticus
2202 2846 2556 2938 significa·

431 2977 535 3043 ret
593 2967 723 3065 (1).·
781 2971 1027 3051 Adde,
1091 2970 1283 3061 quod
1343 2972 1497 3062 lege
1549 2971 1722 3041 anni
1785 2973 1923 3042 546
1975 2988 2211 3043 comes
2269 2970 2554 3044 domes-

431 3094 729 3167 ticorum
786 3094 1081 3187 jubetur
1153 3095 1241 3167 de
1307 3094 1700 3196 curialibus
1765 3096 2149 3186 anquirere
2179 3149 2196 3176 ‚
2264 3095 2559 3185 quinam

430 3220 615 3294 inter
641 3227 1074 3312 protectores
1113 3238 1273 3293 sese
1303 3220 1831 3292 insinuaverint
1878 3215 2007 3314 (2).
2054 3222 2207 3305 Quo
2242 3226 2563 3311 tempore

431 3345 712 3419 Notitiae
739 3345 1166 3438 dignitatum
1193 3352 1432 3438 partes
1465 3365 1627 3436 quae
1655 3345 1748 3417 ad
1780 3344 2208 3418 domesticos
2240 3351 2563 3437 spectant

432 3468 538 3542 vel
586 3469 869 3561 scriptae
916 3470 1027 3543 vel
1075 3475 1404 3543 correctae
1450 3468 1740 3541 fuerunt
1762 3522 1779 3550 ‚
1825 3467 1967 3541 duo
2016 3475 2221 3541 erant
2267 3469 2561 3544 comites

434 3592 980 3669 domesticorum
1020 3591 1151 3689 (5),
1187 3612 1380 3666 unus
1408 3592 1964 3667 domesticorum
1993 3594 2347 3684 equitum,
2382 3594 2562 3669 alter

496 3847 559 3913 (1)
606 3849 882 3915 Anonymi
919 3849 1213 3915 diptychon
1255 3849 1650 3902 mediolanense
1699 3869 1710 3899 z
1759 3850 1892 3915 [Vqr
1928 3849 2103 3901 illustr.
2150 3863 2261 3902 com.
2297 3850 2467 3914 protic.
2515 3856 2562 3901 et

431 3938 584 3991 comui
610 3938 836 4000 ardinor..
856 3937 921 3990 ’0.
954 3939 987 3988 ι’.
1022 3939 1078 4001 t..
1109 3936 1178 4002 V,
1208 3937 1362 3999 8120,
1389 3937 1449 4000 73
1480 3939 1650 4002 pretio.
1680 3942 1895 4003 propter
1920 3938 2150 3988 litteram
2175 3940 2195 3988 i
2219 3939 2560 4002 byzantinam

431 4027 688 4092 originem
717 4031 772 4079 et
799 4028 1043 4093 quintum
1073 4032 1355 4079 sextumve
1386 4029 1645 4079 saeculum
1672 4028 1890 4079 indicat.
1931 4026 2160 4079 Turcius
2185 4027 2525 4093 Apronianus
2544 4067 2557 4091 ,

430 4131 576 4168 cons.
605 4133 655 4169 a.
688 4117 807 4177 494,
841 4123 1062 4170 vocatur
1098 4131 1153 4169 ea:
1185 4118 1344 4170 comite
1386 4118 1510 4169 dom
1539 4124 1573 4169 t.
1608 4121 1827 4181 protect„
1857 4116 1979 4169 vide
2013 4116 2237 4183 append.
2270 4116 2293 4165 Ι
2332 4118 2375 4168 b.
2411 4115 2553 4186 Con-

432 4209 696 4259 stantinus
723 4206 1238 4273 porphyrogenitu3‚
1269 4207 1330 4258 De
1362 4206 1502 4266 Gaer„
1537 4205 1580 4269 1,
1611 4206 1702 4265 92,
1731 4205 1800 4258 ad
1826 4220 1876 4260 a.
1908 4204 2032 4270 491,
2051 4193 2330 4260 ¹memorat
2350 4207 2561 4272 κόμητες

430 4301 774 4368 προτηκτόρων
807 4300 894 4351 καὶ
921 4299 1244 4366 consortum.

491 4387 562 4453 (ἒξ)
583 4389 634 4440 G.
659 4390 746 4452 th..
776 4389 850 4452 12,
879 4388 923 4448 1.
954 4388 1034 4441 38.

493 4478 562 4544 (3)
587 4478 763 4545 Quum
788 4481 846 4531 in
875 4480 1097 4542 oriente,
1131 4465 1213 4541 ¹5,
1246 4468 1361 4531 t'um
1388 4478 1444 4530 in
1472 4467 1767 4535 occidente,
1801 4475 1876 4530 13.
