3488 5421
15 3257 37 3418 ι,

1420 632 1738 695 ...43-

514 772 609 843 ad
649 774 950 862 majora,
994 772 1399 844 comitivam
1450 768 1544 865 (1)
1591 768 2172 861 praesidiammve
2218 766 2348 862 (2),
2391 785 2641 841 ascen-

517 896 809 969 debant.
1055 981 1061 986 .
1109 872 1118 880 ’

616 1021 793 1122 Ergo
845 1019 1092 1091 eadem
1156 1018 1584 1109 protectoria
1640 1017 1953 1108 dignitas
1977 1071 1994 1101 ,
2053 1035 2276 1107 quum
2337 1016 2645 1106 pretium

519 1146 709 1235 longi
763 1145 1075 1221 laboris.
1135 1150 1215 1215 ut
1267 1145 1439 1215 olim
1486 1143 2012 1233 primipilatus,
2056 1135 2451 1223 militibus,
2494 1147 2684 1245 tum·

517 1267 868 1338 honorum
908 1266 1373 1357 principium,
1416 1272 1496 1337 ut
1534 1266 1704 1337 olim
1746 1266 2184 1346 tribunatus,
2228 1263 2647 1335 clarissimis

509 1389 895 1478 juvenibus
955 1389 1516 1479 proponebatur.
1580 1389 1739 1459 Non
1800 1389 1948 1477 jam
2006 1387 2400 1458 maximum
2454 1403 2641 1475 prae-

514 1513 766 1594 mium,
811 1512 1123 1582 maxima
1160 1512 1409 1602 gloria,
1449 1512 1525 1581 in
1557 1511 1838 1592 castris,
1874 1510 1951 1581 in
1981 1510 2367 1601 provinciis
2400 1508 2641 1599 reipu-

513 1634 719 1707 blicae
757 1636 1045 1717 servire,
1088 1635 1323 1707 sedin
1355 1635 1620 1725 palatio
1653 1634 1974 1706 domino.
2021 1633 2226 1720 Quod
2264 1633 2326 1705 si
2367 1632 2644 1704 Plinius

496 1758 752 1847 junior
789 1764 1107 1847 tempore
1146 1757 1599 1829 Constantini
1636 1756 1968 1837 vixisset,
2008 1775 2155 1827 non
2195 1763 2273 1828 ut
2311 1756 2645 1828 tribunus

514 1880 842 1971 legionis4
881 1881 1010 1953 sed
1038 1889 1117 1952 ut
1144 1889 1499 1972 protector
1538 1881 2003 1964 domesticUS‚
2039 1882 2351 1971 primum
2390 1879 2467 1949 in
2508 1880 2639 1949 ho-

517 2021 770 2076 norum
809 2005 1228 2077 militarium
1271 2024 1484 2078 cursu
1523 2024 1819 2097 passum
1858 2004 2165 2078 fecisset.

611 2287 1090 2358 protectorum
1133 2306 1478 2359 numerus
1517 2288 1823 2371 nobilis,
1870 2305 1909 2359 e
1946 2285 2315 2358 nobilibus
2351 2303 2640 2376 compo-

512 2409 651 2479 sita
679 2410 1003 2482 custodia
1031 2412 1264 2482 vocari
1295 2418 1556 2501 potest,
1580 2431 1819 2502 quum
1853 2412 2041 2481 inter
2072 2427 2194 2481 eos
2225 2409 2470 2480 nullus
2501 2408 2644 2480 nisi

510 2532 887 2604 nobilitate
936 2534 1282 2623 praeditus
1338 2537 1754 2607 sociaretur.
1820 2534 2018 2605 Multi
2078 2531 2207 2603 viri
2265 2532 2644 2604 clarissimi

510 2655 835 2739 fuerunt,
872 2663 951 2730 ut
979 2657 1292 2730 vidimus
1331 2655 1460 2751 (5).
1499 2659 1752 2731 Caeteri
1786 2658 2063 2747 equites
2096 2661 2301 2728 erant
2332 2656 2638 2727 romani.

605 2779 760 2848 Non
808 2778 1108 2850 dubium
1166 2786 1273 2852 est
1329 2780 1506 2870 quin
1557 2780 2032 2871 primipilatui
2081 2797 2340 2850 census
2387 2796 2642 2869 eques-

508 2901 637 2972 tris
691 2900 1074 2974 adhaeserit
1134 2899 1226 2995 (4)
1293 2928 1309 2975 ε
1367 2904 1559 2976 unde
1612 2904 1942 2994 colligere
1996 2903 2339 2975 debemus
2388 2921 2641 2974 omnes

504 3031 936 3115 protectores
984 3044 1023 3098 e
1070 3028 1475 3118 legionibus
1532 3034 1725 3100 ortos
1779 3028 1967 3101 inter
2021 3027 2299 3117 equites
2361 3025 2637 3096 haberi.

508 3148 723 3238 Atqui
762 3149 838 3219 in
886 3150 1113 3223 titulis
1151 3158 1275 3223 aut
1310 3151 1565 3245 equites
1610 3151 1705 3248 (5)
1737 3209 1755 3236 ,
1807 3160 1932 3226 aut
1984 3150 2133 3221 viri
2165 3149 2447 3243 eyreqii
2491 3145 2637 3244 (6),

568 3400 636 3461 (l)
667 3399 937 3452 Gallienus
966 3403 1067 3453 fuit
1101 3416 1242 3454 comes
1276 3407 1347 3453 rei
1373 3408 1615 3456 castrensis
1638 3419 1721 3467 per
1748 3405 1993 3467 Africam,
2024 3405 2148 3454 dein
2186 3416 2328 3454 comes
2373 3403 2645 3453 Britannia-

502 3504 620 3546 rum,
648 3491 823 3541 Amm.
853 3490 1035 3549 Marc..
1065 3492 1145 3555 30,
1170 3492 1219 3554 ’7,
1247 3491 1294 3542 2.
1327 3493 1384 3556 33
1412 3492 1738 3555 Vitalianus,
1770 3509 1911 3546 comes
1938 3495 2146 3557 Illyrici,
2171 3492 2251 3553 25,
2286 3491 2371 3554 10,
2403 3490 2453 3541 9.

571 3578 640 3642 (ἳ)
668 3577 1007 3630 Constantius
1041 3582 1142 3631 fuit
1170 3595 1339 3644 presses
1373 3583 1642 3640 Dalmatiae,
1672 3583 1849 3634 Anon.
1886 3585 2075 3637 vales..
2120 3582 2171 3638 1.
2220 3582 2270 3639 1;
2305 3583 2375 3632 cf.
2414 3579 2643 3631 Gruter,

506 3666 596 3717 495
649 3667 697 3717 3.

565 3704 633 3820 (3)
668 3757 870 3807 Praeter
908 3758 1044 3809 filios
1084 3760 1494 3823 magistratuum
1536 3762 1602 3812 de
1643 3763 1838 3825 quibus
1874 3776 2034 3826 supra
2062 3762 2295 3823 dictum,
2322 3762 2395 3811 cf.
2430 3761 2484 3810 in
2511 3762 2643 3813 titu-

390 3868 399 3874 ·
500 3846 587 3907 lis,
611 3845 661 3896 G.
688 3848 723 3895 i.
744 3860 837 3907 qr„
858 3846 981 3898 9253
1003 3870 1015 3906 ;
1043 3847 1253 3911 Gruter,
1279 3849 1390 3910 626,
1418 3850 1479 3907 8;
1511 3853 1716 3903 Berichte
1741 3854 1821 3902 der
1842 3853 2132 3902 sachsischen
2156 3850 2469 3913 Gesellschaft,
2500 3850 2637 3910 1851,

499 3948 553 3996 p.
584 3932 674 3982 333
701 3953 712 3981 ι
751 3947 934 3984 omnes
952 3941 1232 3999 protectores
1261 3937 1496 3989 domestici
1525 3941 1761 3989 fuerunt.

562 4019 634 4083 (4)
663 4019 921 4072 Martialis
940 4059 953 4083 ,
982 4024 1043 4085 6,
1076 4025 1136 4075 58
1161 4046 1172 4080 ς
1203 4024 1428 4076 Ovidius
1447 4063 1460 4087 ,
1486 4026 1692 4089 Amores,
1724 4028 1772 4087 3,
1803 4030 1851 4091 8,
1880 4027 1911 4077 9
1940 4043 2084 4092 sqq.;
2113 4028 2183 4078 cf.
2210 4026 2412 4087 Krabe‚
2442 4027 2504 4077 De
2528 4037 2638 4077 con-

415 4085 422 4090 ·
503 4109 789 4170 turionibus,
816 4124 872 4172 p.
896 4109 925 4159 9
948 4125 1060 4175 sqq.

562 4196 634 4259 (5)
661 4195 709 4246 C.
740 4199 775 4247 i.
806 4198 860 4257 1.‚
888 4196 985 4258 VI,
1018 4199 1137 4250 1595
1166 4220 1178 4251 ε
1206 4202 1327 4252 Aur.
1364 4202 1632 4265 Claudiano,
1663 4206 1845 4270 anniti)
1867 4206 2171 4272 ν(οηιαπο)...,
2203 4206 2298 4257 Fla.
2331 4205 2511 4267 Viator,
2534 4217 2642 4270 pro·

502 4289 660 4344 tector,
686 4289 817 4346 pater
845 4286 961 4347 filio.

566 4372 636 4436 (6)
662 4370 741 4429 Cf.
771 4390 824 4438 p.
855 4375 933 4436 50,
964 4389 1016 4425 n.
1049 4377 1098 4428 2.
