3488 5421
1817 602 2192 669 —30-.

922 739 1341 815 militarium
1379 741 1736 813 honorum
1780 738 1857 810 in
1914 758 2129 813 cursu
2178 741 2778 832 provehebantur.
2824 741 3043 811 Inter-

923 864 1096 937 dum
1153 864 1334 936 alias
1385 864 1477 934 ob
1523 882 1774 935 causas
1827 865 1902 934 in
1953 852 2357 955 provincias
2399 864 2585 936 mitti
2635 864 3037 954 cupiebant.

923 987 1183 1061 Scribit
1257 986 1495 1059 comiti
1563 985 2115 1060 domesticorum
2180 989 2515 1060 Flaviano
2580 988 3041 1079 Symmachus

920 1113 1381 1185 Valentinum
1414 1112 1797 1204 quemdam
1826 1120 2321 1204 protectorem,
2361 1113 2473 1186 cui
2507 1114 2714 1196 favet,
2753 1111 3041 1204 privatis

928 1236 1518 1328 occupationibus
1555 1256 1598 1309 a
1626 1237 1923 1309 sedibus
1960 1237 2273 1321 avocari,
2314 1237 2623 1328 ideoque
2643 1254 2935 1329 poscere
2969 1242 3043 1308 ut

829 1346 835 1350 ’
924 1360 1065 1433 sibi
1102 1361 1369 1453 negotii
1406 1360 1673 1452 publici
1713 1361 1939 1452 gratia
1982 1379 2109 1452 per
2144 1360 2547 1452 provincias
2596 1359 3040 1434 suburbanas

923 1484 1250 1557 mandari
1290 1484 1498 1558 liceat
1544 1481 1674 1578 (1).

1018 1609 1380 1682 Nonnulla
1425 1614 1901 1700 protectorum
1943 1615 2067 1681 aut
2122 1608 2672 1681 domesticorum
2709 1609 3043 1702 exempla

922 1732 1321 1825 promenda
1375 1739 1581 1817 sunt,
1644 1734 1911 1825 quibus
1937 1788 1955 1818 ‚
2016 1740 2096 1806 ut
2142 1734 2221 1805 in
2269 1732 2525 1807 Codice
2578 1735 3039 1808 theodosiano

924 1856 1209 1942 dicitur,
1240 1864 1365 1929 aut
1398 1883 1433 1924 «
1479 1858 1685 1930 tuitio
1716 1858 2036 1930 locorum
2078 1884 2109 1923 ι
2131 1913 2149 1943 ,
2185 1864 2309 1930 aut
2346 1884 2378 1922 ι
2417 1858 2695 1950 longior
2721 1858 3041 1950 quaedam

922 1982 1313 2054 necessitas
1352 2007 1385 2046 ι
1429 1982 1813 2054 commissa
1852 1982 1986 2055 fuit
2031 1979 2160 2078 (2).

1021 2105 1236 2179 Anno
1280 2107 1449 2189 269,
1494 2106 1628 2177 sub
1672 2106 2109 2188 Placidiano,
2152 2107 2479 2198 praefecto
2527 2107 2856 2199 vigilum,
2898 2114 3043 2181 ten-

928 2228 1142 2302 debat
1179 2230 1258 2300 in
1306 2229 1535 2300 Gallia
1586 2229 2028 2303 narbonensi
2067 2231 2428 2305 vexillatio
2467 2234 2545 2303 in
2583 2251 2724 2322 qua
2772 2242 3037 2326 protec-

919 2359 1102 2422 tores
1131 2352 1465 2425 nonnulli
1505 2353 1876 2426 ducenarii
1922 2363 2149 2428 erant.
2190 2357 2598 2429 Placidiano
2628 2378 2671 2428 a
2713 2357 3037 2441 Claudio,

921 2482 1167 2549 contra
1218 2478 1485 2550 Gothos
1542 2478 1620 2549 in
1680 2479 2028 2552 orientem
2090 2481 2440 2571 profecto,
2506 2481 2828 2572 injuncta
2884 2500 3045 2554 cura

923 2607 1073 2673 erat
1110 2607 1233 2673 aut
1260 2601 1749 2675 Narbonensis
1780 2603 2220 2688 obtinendae,
2256 2612 2382 2677 aut
2413 2607 2656 2679 (321113,
2685 2605 3044 2699 provincia

923 2727 1001 2798 in
1040 2727 1391 2799 Tetricum
1430 2727 1812 2800 incedendi
1861 2724 1989 2823 (5).

1020 2851 1230 2923 Anno
1271 2854 1440 2937 555,
1485 2852 1948 2924 Constantius
1995 2863 2341 2948 augustus
2390 2858 2775 2948 Sylvanum
2800 2912 2817 2941 ‚
2861 2858 3040 2929 mili-

926 2976 1042 3048 tiae
1098 2993 1224 3065 per
1288 2976 1554 3048 Gallias
1608 2976 2067 3069 magistrum,
2124 2998 2514 3071 purpuram
2568 2981 2885 3055 Coloniae
2941 2982 3045 3052 in-

926 3097 1172 3172 duisse
1227 3100 1480 3171 certior
1535 3101 1801 3183 factus,
1847 3102 2253 3176 Ursicinum
2293 3123 2685 3196 properans
2735 3105 2967 3189 misit,
3007 3125 3048 3177 a

926 3242 1068 3314 quo
1120 3223 1443 3299 seditiosi
1492 3226 2050 3316 reprimerentur
2097 3234 2167 3300 et
2217 3228 2673 3320 punirentur.
2723 3230 3042 3301 Ursicino

923 3349 1314 3437 postulanti
1343 3354 1773 3441 protectores
1814 3349 2172 3422 domestici
2207 3345 2469 3426 decem
2495 3380 2527 3418 (
2565 3354 2658 3426 ad
2689 3354 3041 3444 J‘uvandas

872 3553 879 3560 ‚
925 3470 1248 3561 publicas
1277 3474 1796 3577 necessitates.»
1829 3475 2056 3549 additi
2098 3484 2270 3550 sunt
2298 3475 2429 3573 (4),
2460 3479 2648 3550 inter
2679 3498 2860 3570 quos
2894 3482 3049 3551 Am-

930 3595 1216 3667 mianus
1283 3597 1733 3671 Marcellinus
1809 3600 2112 3692 scriptor
2164 3602 2580 3693 amicusque
2643 3604 2796 3693 ejus
2850 3603 3043 3676 Veri-

927 3720 1190 3795 nianus
1218 3730 1447 3797 erant.
1483 3723 1736 3837 Narrat
1765 3727 2188 3801 Ammianus
2220 3728 2485 3821 quibus
2515 3727 3049 3802 difficultatibus

985 4002 1067 4072 (1)-
1082 4000 1327 4072 Epistola,
1357 4005 1405 4070 2,
1435 4004 1516 4070 74,
1530 4025 1534 4029 Α
1548 4005 1633 4060 ed.
1658 4002 1855 4073 Migne.

985 4095 1057 4161 (2)
1084 4095 1133 4158 Ἰ,
1162 4095 1212 4158 4,
1241 4089 1320 4147 27.

987 4183 1056 4248 (3)
1104 4182 1313 4235 Florian
1358 4182 1628 4237 Vallentin
1665 4189 1720 4235 et
1761 4184 1977 4236 Henzen
1998 4223 2010 4245 ,
2054 4201 2139 4250 ap.
2178 4185 2401 4238 Bullatino
2446 4185 2550 4239 dell'
2582 4188 2832 4252 Instituto,
2889 4186 3011 4241 1880
3031 4225 3046 4252 ‚

925 4287 978 4336 p.
1009 4272 1127 4330 1053
1159 4272 1372 4336 Renier‚
1403 4273 1603 4325 Bulletin
1630 4274 1945 4339 &pqr-aptique
1971 4276 2024 4328 de
2052 4277 2095 4327 la
2124 4275 2261 4328 Gaulo
2278 4313 2292 4338 ‚
2318 4277 2371 4339 Ι,
2398 4291 2450 4341 p.
2480 4276 2527 4327 6.

988 4360 1058 4424 (4)
1085 4360 1263 4415 Amm.
1291 4360 1477 4426 Marc„
1511 4361 1588 4425 15,
1612 4362 1660 4425 5,
1688 4360 1771 4413 22.
2555 4367 2568 4374 “
