3488 5421
1263 634 1344 651 ....
1385 602 1461 666 33
1502 635 1583 652 ..-

358 741 499 812 bus
551 741 850 826 minime
904 741 1204 813 idoneos
1251 736 1380 832 (1).
1434 730 1685 810 Fateor
1735 739 2069 829 equidem
2129 757 2277 811 non
2337 739 2486 829 jam

360 866 871 957 imperatorum
912 864 1245 937 custodes
1284 863 1376 935 ad
1404 863 1929 954 provinciarum
1969 863 2152 936 fines
2181 861 2489 935 tuendos

361 989 576 1061 mitti.
614 991 787 1075 Quae
813 1007 981 1060 cura
1007 987 1098 1060 ad
1130 988 1346 1060 duces
1382 988 1763 1059 comitesve
1798 994 2149 1059 tractuum
2187 994 2256 1060 et
2291 986 2486 1058 limi·
2572 1005 2578 1010 ·

365 1121 518 1186 tum
549 1115 660 1186 vel
689 1113 780 1185 ad
812 1114 1163 1204 quosdam
1192 1112 1775 1187 vexillationibus
1794 1167 1811 1193 ‚
1855 1118 1935 1185 ut
1969 1112 2274 1196 videtur,
2317 1130 2492 1204 prae-

363 1239 634 1329 positos
686 1239 1124 1330 pertinebat,
1186 1239 1310 1329 qui
1379 1239 1667 1330 proprie
1735 1241 2167 1329 protectores
2232 1235 2493 1324 finium

367 1361 812 1435 dicebantur.
853 1363 1106 1436 Narrat
1143 1361 1566 1441 Menander,
1613 1361 1950 1435 Mauricio
1989 1367 2291 1452 augusto
2328 1379 2493 1432 con-

366 1492 867 1576 temporaneus
900 1487 1227 1579 scriptor,
1264 1505 1484 1576 quum
1516 1486 1782 1558 Tiberii
1811 1492 1881 1557 et
1907 1486 2245 1557 Chosrois
2283 1484 2495 1576 legati

367 1628 433 1680 a.
484 1613 609 1683 581
660 1613 917 1682 Daram
967 1612 1464 1692 convenirent,
1507 1611 1663 1681 loca
1699 1609 1826 1681 ubi
1874 1609 1964 1681 de
2008 1627 2180 1699 pace
2228 1609 2495 1682 delibe-

368 1741 643 1807 raretur
682 1734 1033 1825 disposita
1074 1735 1298 1806 fuisse
1330 1754 1372 1805 a
1390 1739 1786 1826 protectore
1812 1733 2073 1823 finium
2119 1729 2246 1827 (2).
2292 1731 2496 1818 Quod

368 1861 631 1930 nomen
680 1858 795 1931 bis
844 1859 1255 1950 praepositis
1300 1858 1544 1930 datum
1589 1857 1811 1929 fuisse
1847 1856 2160 1938 videtur,
2207 1856 2378 1946 quia
2413 1873 2496 1926 eo

369 1983 540 2057 olim
609 1981 839 2054 officio
919 1983 1401 2073 iungebantur
1467 1987 1932 2071 augustorum
1999 1986 2430 2070 protectores
2474 2004 2492 2050 ε

367 2125 605 2196 neque
652 2107 838 2178 hanc
888 2125 1126 2178 veram
1180 2108 1390 2177 istius
1450 2107 1637 2177 tituli
1691 2123 1851 2176 esse
1903 2105 2246 2194 originem
2290 2110 2499 2194 negat

322 2321 326 2324 Α
369 2230 783 2313 Menander,
827 2231 990 2320 qui,
1035 2231 1097 2300 si
1136 2228 1879 2319 libris-manuscriptis
1919 2227 2303 2310 credimu8‚
2323 2247 2497 2318 pro·
2543 2214 2554 2225 “

368 2359 586 2425 tector
622 2355 779 2444 ipse
815 2354 975 2436 fuit,
1015 2353 1256 2425 forsan
1287 2353 1539 2423 finium
1582 2360 1935 2443 protector
1974 2349 2103 2447 (5).

468 2480 557 2550 At
621 2498 769 2550 non
823 2480 1118 2551 omnino
1175 2456 1515 2568 Procopio
1574 2477 2008 2549 credendum
2066 2483 2209 2560 est,
2263 2496 2498 2549 rerum

372 2603 790 2675 militarium
844 2602 1049 2674 valde
1102 2603 1388 2692 ignaros
1437 2620 1594 2672 esse
1641 2608 2073 2690 protectores
2120 2604 2494 2673 asserenti.

368 2728 614 2816 Neque
663 2745 823 2798 raro
861 2727 1134 2798 fortiter
1177 2733 1246 2798 et
1294 2725 1592 2797 feliciter
1637 2724 1821 2796 circa
1873 2727 2337 2817 imperatores
2386 2726 2497 2798 di-

372 2853 851 2933 micaverunt,
900 2857 1024 2922 aut
1087 2857 1333 2922 contra
1396 2850 1723 2940 publicos
1790 2850 2033 2922 hostes
2089 2858 2212 2922 aut
2259 2858 2503 2954 contra

373 2975 658 3067 plebem
706 2976 1200 3047 rebellantem.
1246 2974 1732 3048 Defenderunt
1781 2976 1973 3046 enim
2015 2977 2272 3048 Leonis
2310 2976 2513 3066 pala-·

376 3101 557 3172 tium
586 3121 628 3172 a
657 3087 906 3172 Gothis
942 3101 1318 3172 obsessum
1370 3096 1511 3193 (lo);
1557 3101 1721 3172 tuiti
1760 3108 1930 3172 sunt
1966 3101 2424 3172 Anastasium
2464 3120 2506 3170 a

380 3225 790 3315 Byzantinis
843 3223 973 3319 (5).
1018 3225 1452 3297 Immittebat
1494 3242 1615 3296 eos
1666 3224 1742 3294 in
1784 3224 2130 3314 populum
2166 3223 2504 3294 Justinia-

446 3479 513 3542 (1)
543 3479 798 3540 Anemosa,
829 3479 908 3539 24,
942 3479 1038 3540 ΙΙΙ,
1071 3495 1125 3543 p.
1158 3479 1261 3536 137,
1292 3480 1336 3541 3,
1371 3482 1456 3530 ed.
1490 3480 1747 3530 bonnensi
1777 3500 1789 3527 :
1828 3480 2088 3531 Ἀνέκαθεν
2117 3481 2409 3543 ἀμελέτητοί
2437 3483 2513 3532 εἰσ

377 3569 626 3633 πολεμίων
656 3570 825 3632 ἔργων.

444 3654 513 3717 (Ἰ)
546 3658 769 3720 Excerpta
798 3658 850 3706 de
885 3620 1217 3719 legationibus.
1254 3674 1302 3720 p.
1344 3657 1421 3705 171
1463 3672 1521 3719 c3
1559 3659 1641 3707 ed.
1675 3662 1863 3717 bonn.,
1895 3675 1946 3721 p.
1986 3658 2075 3709 418
2104 3678 2113 3705 :
2152 3657 2211 3706 ‘O
2239 3659 2294 3707 δέ
2331 3675 2387 3719 γε
2414 3663 2511 3706 τῶν

273 3790 279 3797 .
380 3745 615 3810 μεθορίων
642 3746 901 3810 λεγόμενος
930 3764 1004 3811 πρ
1022 3745 1285 3810 οτίκτωρ
1319 3747 1478 3809 (δηλοῖ
1502 3748 1557 3796 δὲ
1582 3748 1719 3811 παρὰ
1756 3741 2014 3809 Ῥωμαίοις
2044 3748 2130 3795 τὸν
2161 3747 2207 3802 ἐξ
2238 3749 2385 3794 τοῦτο
2416 3762 2512 3794 κα·-

378 3835 707 3898 ταλεγὸμενον
738 3834 898 3893 ἀξίας,
933 3836 1019 3883 τὸν
1053 3835 1300 3898 βασίλειον
1329 3835 1763 3900 προσκεπαστήν),
1800 3835 1943 3891 οὗτος
1973 3836 2031 3893 δὴ
2062 3835 2146 3884 οὖν
2174 3835 2513 3883 κατεσκεύασε

379 3923 613 3980 καλὺὃας,
644 3924 694 3971 ἐν
724 3922 799 3977 αἶς
827 3923 1027 3986 ἔμελλον
1057 3923 1290 3986 ἑκατέρας
1311 3924 1560 3979 πολιτείας
1587 3923 1815 3987 πρέσὸεις
1843 3924 1906 3971 τα
1935 3924 2167 3987 εἰρημένα
2193 3924 2515 3971 διασκέπτεσ-

379 4013 463 4060 θαι
504 4026 516 4039 ·
558 4016 707 4060 τοῦτο
748 4012 842 4075 γὰρ
889 4013 950 4061 τὸ
993 4013 1323 4077 λειτούργημα
1367 4013 1546 4062 ἄνωθέν
1589 4029 1646 4062 τε
1690 4013 1777 4061 καὶ
1818 4014 1868 4069 ἐξ
1889 4002 2059 4078 ’ἀρχῆς
2101 4013 2174 4076 τῷ
2216 4010 2514 4075 προτίκτωρι

380 4101 755 4165 ἐπιτέτραπται.

447 4189 515 4250 (3)
545 4187 625 4239 Or.
648 4187 893 4251 suidam,
918 4199 974 4239 v⁰
998 4191 1292 4255 Μένανδρος.

451 4279 517 4343 (4)
542 4278 755 4341 Malala,
787 4280 1150 4343 Chronoqraphia
1169 4317 1182 4341 ‚
1215 4280 1297 4338 14,
1330 4280 1415 4331 ed.
1447 4283 1628 4340 bonn.,
1654 4295 1706 4343 p.
1734 4279 1842 4340 371,
1873 4280 1955 4331 22.

447 4367 516 4431 (5)
545 4366 757 4429 Malaia,
789 4368 915 4427 Chr„
948 4368 1020 4426 16,
1054 4383 1110 4431 p.
1135 4367 1244 4428 394,
1273 4368 1355 4418 ⁶20.

708 4478 729 4518 J
2163 4458 2198 4517 3
