3488 5421
1805 562 2120 624 ...62-

897 717 1147 774 omnes
1170 699 1566 790 diligebant
1596 706 1665 770 et
1703 700 1972 790 saepius
2003 700 2333 772 visebant
2362 701 2645 792 augusti
2687 697 2783 795 (1)
2827 727 2844 774 2
2878 701 3026 777 illic

894 824 1302 897 vastissima
1355 823 1664 914 praedia,
1724 824 2072 914 plurimas
2122 824 2312 897 aedes
2346 879 2363 907 ‚
2424 843 2730 915 quarum
2785 822 3045 899 admi-‘

892 947 1307 1019 nistrationi
1355 965 1591 1019 comes
1640 947 1748 1017 vir
1793 948 2204 1038 spectabilis
2245 957 2545 1039 praeerat
2599 945 2693 1042 (2)
2728 1003 2745 1033 ,
2805 949 3022 1021 habe-

894 1073 1105 1156 bant;
1164 1072 1312 1142 illic
1364 1072 1840 1163 pascebantur
1894 1072 2102 1162 equi,
2149 1072 2241 1144 ad
2293 1072 2738 1144 stabulorum
2781 1090 3018 1145 sacro-

897 1216 1055 1271 rum
1110 1203 1610 1269 ornamentum
1652 1197 1991 1269 destinati
2030 1193 2159 1290 (5).
2205 1197 2308 1267 Ibi
2359 1198 2574 1288 igitur
2615 1198 3025 1270 morabatur

896 1321 1447 1394 domesticorum
1501 1320 1896 1401 vexillatio‚
1955 1321 2222 1410 quibus
2278 1319 2601 1394 custodia
2654 1339 2873 1394 sacrae
2919 1320 3022 1393 rei

896 1447 1234 1519 mandata
1271 1452 1422 1518 erat
1469 1442 1597 1539 (4).
1725 1428 1733 1434 ’

994 1785 1219 1868 Quam
1284 1783 1491 1854 multi
1559 1790 1990 1873 protectores
2058 1790 2127 1852 et
2191 1781 2563 1854 domestici
2627 1787 2901 1865 essent,
2958 1787 3027 1851 et

896 1907 1500 1998 quemadmodum
1569 1925 1913 1978 numerus
1980 1906 2468 1989 ordinaretur,
2526 1905 3024 1978 deficientibus

896 2031 1363 2122 scriptoribus
1404 2037 1473 2102 et
1510 2031 1813 2122 legibus,
1856 2029 1996 2103 dici
2031 2050 2178 2102 non
2211 2038 2469 2123 potest.
2517 2031 2704 2103 Ordo
2744 2050 2783 2103 e
2822 2031 3025 2104 scho-

898 2157 986 2227 lis
1043 2155 1438 2226 constabat.
1501 2155 1673 2228 Mihi
1726 2163 1964 2227 tamen
2020 2175 2166 2227 non
2220 2156 2498 2229 videtur
2544 2155 2975 2227 credendum
3002 2210 3019 2239 ,

895 2300 1113 2353 unam
1156 2280 1378 2352 fuisse
1418 2288 1893 2372 protectorum
1936 2282 2345 2373 peditumve
2371 2336 2388 2364 ‚
2437 2299 2658 2353 unam
2702 2282 3022 2375 equitum

896 2405 1538 2478 domesticorumve
1595 2407 1912 2477 scholam
1941 2461 1958 2489 ‚
2013 2407 2146 2479 etsi
2194 2424 2385 2496 saepe
2437 2405 2525 2476 de
2569 2402 2799 2475 schola
2835 2403 3026 2496 equi-

892 2536 1065 2613 tum,
1095 2530 1181 2599 de
1203 2529 1433 2600 schola
1462 2530 2004 2601 domesticorum
2036 2549 2268 2602 sermo
2299 2536 2406 2602 est
2432 2526 2559 2624 (5).
2594 2530 2627 2600 J
2636 2530 2803 2601 ubet
2833 2530 3025 2600 enim

894 2656 1222 2728 Julianus
1284 2657 1361 2727 in
1421 2657 1572 2749 lege
1627 2656 2035 2749 frequenter
2092 2676 2309 2749 supra
2367 2642 2756 2728 memorata
2818 2661 2887 2728 et
2933 2654 3024 2728 ad

890 2779 1326 2852 ‘domesticos
1384 2781 1879 2853 tantummodo
1940 2783 2343 2873 pertinente
2399 2783 2532 2852 hos
2602 2808 2633 2846 ι
2689 2799 2815 2872 per
2867 2780 3019 2852 sin-

893 2905 1094 2997 gulas
1127 2905 1407 2977 scholas
1438 2907 1985 2997 quinquagenos
2017 2933 2047 2971 »
2088 2908 2167 2979 in
2197 2906 2535 2997 praesenti
2565 2923 2854 2978 manere
2890 2901 3018 2996 (6).

952 3146 1022 3211 (1)
1052 3145 1420 3209 Justinianus,
1449 3147 1645 3197 Novellae
1664 3185 1676 3209 ‚
1711 3146 1797 3207 30,
1825 3148 1883 3196 in
1912 3149 2063 3211 praet'.

959 3236 1023 3298 (2)
1055 3234 1274 3298 sustin„
1304 3236 1444 3293 Νου..
1475 3234 1552 3290 30.

954 3325 1024 3387 (3)
1050 3322 1393 3386 Claudianus,
1423 3326 1483 3374 De
1514 3325 1724 3377 laudibus
1751 3324 1957 3386 Seram,
1991 3324 2223 3385 190-192,
2253 3323 2385 3389 Jeep
2420 3346 2430 3373 :

1878 3441 2072 3485 Dilectus
2101 3453 2306 3496 equorum

1241 3523 1354 3575 Quos
1369 3523 1573 3578 μὴν-μαίας
1598 3527 1763 3565 matres
1792 3535 2026 3578 aryaeaque
2048 3523 2258 3577 qramina
2273 3526 2420 3577 pastu

1241 3603 1416 3646 Semina
1439 3602 1750 3658 Cappadocum
1774 3603 1914 3645 sacris
1929 3602 2213 3657 praeaaepibus
2241 3602 2390 3645 edunt.

955 3712 1022 3776 (4)
1055 3709 1232 3762 Credit
1268 3709 1539 3775 Godefroy
1571 3712 1637 3761 ad
1667 3712 1714 3762 G.
1752 3712 1838 3771 th„
1868 3711 1924 3772 6,
1956 3711 2036 3769 24,
2071 3712 2121 3772 1,
2154 3715 2476 3775 protectores
2511 3714 2661 3761 extra
2689 3723 2968 3770 numerum
2995 3725 3029 3761 a

892 3800 925 3853 J
931 3802 1107 3862 uliano
1135 3801 1191 3850 in
1219 3798 1588 3863 Cappadocum
1618 3801 1788 3862 sedeS,
1811 3800 2050 3863 pleromos,
2073 3804 2326 3850 remissos
2357 3800 2550 3862 fuisse3
2584 3799 2742 3862 idque
2768 3798 3029 3863 colligite

786 3938 792 3946 ,
894 3892 1070 3942 verbis
1121 3890 1425 3939 scholiastae
1467 3889 1744 3953 cujusdam
1786 3888 1988 3958 Juliani
2029 3889 2384 3939 antecessoris
2425 3909 2437 3937 ε
2481 3889 2571 3939 Isti
2609 3887 2917 3951 (domestici
2967 3888 3027 3937 in

776 4018 781 4023 .
897 3980 1226 4044 Cappadocia
1258 3979 1528 4041 degentes,
1552 3980 1623 4027 cf.
1654 3993 1706 4041 p.
1735 3978 1815 4039 61,
1839 3993 1890 4028 n.
1915 3977 1961 4041 8)
1990 3980 2188 4041 suntqui
2217 3980 2430 4030 dicuntur
2453 3990 2596 4040 qraece
2621 3976 2953 4039 plerosimi,
2974 3977 3028 4026 ia

893 4074 960 4120 est
987 4070 1097 4132 quia
1125 4081 1271 4118 omnes
1299 4069 1350 4117 in
1376 4069 1459 4118 hac
1489 4069 1696 4119 civitates
1722 4068 1969 4131 complent,
1996 4073 2041 4118 et
2071 4068 2143 4117 hic
2174 4068 2391 4130 complent
2418 4072 2747 4119 sacramentum
2780 4080 2925 4117 suunt.

958 4159 1021 4221 (5)
1057 4156 1300 4220 Exempu
1322 4158 1491 4221 gratia
1515 4157 1636 4207 vide
1666 4125 2050 4435 ιθςᾮ,
2081 4156 2191 4207 coa.
2213 4159 2351 4219 just„
2383 4156 2431 4217 2,
2464 4155 2512 4217 7,
2547 4155 2637 4218 25,
2669 4155 2719 4218 3,
2750 4155 2841 4206 ubi
2873 4155 3029 4207 schola

893 4249 1232 4297 domesticorum
1256 4247 1452 4309 equitum
1479 4247 1640 4295 scholae
1671 4246 1858 4297 dontestz
1970 4260 2014 4294 m
2036 4246 2237 4309 peditum
2265 4244 2568 4310 opponitur.

961 4335 1025 4396 (6)
1068 4334 1118 4384 G.
1145 4335 1231 4393 th„
1259 4333 1306 4393 6,
1333 4332 1414 4393 24,
1445 4334 1484 4382 1.
