3488 5421
1367 617 1562 678 ...¹25
1605 649 1685 663 ...-

313 757 373 844 ‘k
465 758 790 831 feruntur
847 758 1037 830 enim
1097 756 1442 847 singulari
1497 753 1710 827 modo
1778 753 2146 843 obsequiis
2202 751 2421 825 sacris
2483 753 2591 823 in-

380 847 432 898 *
465 885 736 955 haerere
772 879 900 976 (1),
934 881 1358 952 familiarius
1397 879 1846 972 principibus
1886 878 2175 961 servire,
2207 878 2436 977 ‘altius
2475 896 2590 950 eo-

467 1027 624 1079 rum
663 1009 739 1078 in
780 1007 1114 1089 domum,
1163 1033 1193 1069 <t
1246 1013 1325 1077 ut
1372 1005 1638 1077 indicio
1675 1003 1992 1075 nominis
2031 1008 2323 1094 apparet
2373 997 2467 1096 (2)
2515 1029 2586 1086 ι»,

467 1138 862 1222 penetrare.
901 1131 1108 1202 Forte
1145 1129 1222 1200 in
1263 1129 1615 1201 vestibulo
1657 1128 1839 1199 sacri
1880 1125 2188 1198 cubiculi
2230 1131 2434 1197 nocte
2473 1142 2589 1196 ex-

469 1254 714 1327 cubias
751 1254 1079 1346 agebant.
1115 1253 1173 1326 A
1209 1254 1728 1346 protectoribus
1768 1252 1947 1324 alios
1985 1252 2249 1324 milites
2288 1249 2594 1323 secernit

469 1380 854 1463 MaternuS‚
903 1380 1132 1451 aet-atis
1173 1378 1767 1450 constantinianae
1812 1379 2137 1468 scriptor,
2177 1376 2301 1467 qui
2349 1401 2381 1439 ‹
2422 1393 2589 1467 pro-

467 1505 622 1596 prio
645 1505 979 1578 excubitu
999 1506 1300 1577 salutem
1331 1503 1777 1595 principibus
1804 1510 2088 1575 servant
2123 1500 2215 1597 (5)
2247 1528 2278 1567 ι
2302 1556 2319 1572 .
2353 1500 2593 1573 Cicero

471 1630 804 1702 excubias
845 1649 884 1703 e
923 1629 1265 1702 custodiis
1295 1629 1673 1721 distinguit
1712 1626 1806 1723 (4)
1846 1653 1862 1699 :
1899 1629 2051 1700 fieri
2087 1633 2322 1720 potest
2349 1634 2430 1700 ut
2460 1627 2597 1699 hoc
2661 1662 2676 1675 ·

469 1762 972 1847 protectorum,
1018 1755 1198 1827 illud
1238 1755 1789 1828 domesticorum
1836 1772 2099 1825 munus
2139 1752 2377 1824 fuerit.

568 1881 950 1953 Domestici
977 1935 994 1963 ,
1036 1885 1292 1971 utpote
1324 1881 1601 1970 equites
1629 1934 1646 1963 ,
1688 1879 1767 1950 in
1802 1879 1947 1950 illis
1984 1876 2414 1949 caerimoniis
2451 1878 2589 1948 im-

471 2011 866 2097 peratorem
920 2005 1308 2096 stipabant,
1364 2005 1627 2095 quibus
1689 2022 1874 2094 equo
1920 2008 2158 2074 vectus
2197 2002 2536 2074 intererat
2576 2025 2592 2071 z

373 2116 378 2122 ’
474 2130 762 2202 stabant
813 2148 1100 2220 quoque
1149 2131 1332 2202 circa
1378 2148 1541 2201 eum
1591 2128 1763 2200 dum
1811 2128 2236 2210 venabatur,
2278 2126 2594 2217 legiones

471 2255 1039 2345 recognoscebat,
1076 2256 1150 2326 in
1182 2255 1435 2346 proelio
1470 2254 1879 2326 dimicabat.
1913 2255 1991 2323 ln
2025 2251 2425 2324 matritensi
2456 2251 2595 2342 cly-

472 2399 606 2472 peo
637 2381 764 2452 ubi
799 2380 1242 2453 Theodosius
1275 2380 1692 2453 decennalia
1730 2399 1861 2451 sua
1888 2378 2241 2451 celebrare
2274 2377 2591 2467 fingitur,

475 2512 781 2596 quatuor
826 2513 1259 2597 protectores
1301 2507 1671 2579 domestici
1727 2511 2244 2597 protectoresve
2284 2503 2595 2574 Honorio

409 2652 414 2657 ·
472 2638 542 2703 et
578 2629 876 2703 Arcadio
918 2631 1205 2733 adstant
1252 2630 1382 2728 (5).

567 2759 811 2848 Neque
862 2759 1102 2829 Romae
1150 2765 1218 2830 et
1263 2759 1339 2830 in
1391 2758 1712 2849 pompiS,
1752 2773 1987 2846 neque
2041 2752 2335 2844 honoris
2383 2752 2595 2824 modo

470 2901 707 2966 causa,
745 2883 872 2955 sed
900 2883 1218 2974 praesidii
1261 2902 1548 2974 quoque
1585 2883 1662 2954 in
1701 2882 1914 2953 bellis
1955 2882 2419 2970 imperatores
2460 2877 2591 2949 cir-

471 3008 955 3092 cumstabant,
998 3010 1075 3079 in
1115 3009 1371 3081 iisdem
1415 3017 1630 3099 atque
1674 3008 1949 3080 domini
1987 3005 2323 3097 periculis
2362 3022 2594 3079 versa-

468 3123 755 3203 bantur.
790 3132 994 3219 Quod
1027 3134 1087 3204 si
1128 3134 1339 3206 etiam
1378 3132 1823 3239 candidatOS,
1868 3130 2388 3203 ostensionales
2428 3128 2596 3199 illos

531 3412 600 3477 (1)
627 3412 676 3463 G.
710 3414 795 3473 th„
825 3411 872 3473 6,
899 3412 976 3472 24,
1007 3412 1052 3461 5.

538 3501 606 3566 (2)
633 3500 681 3551 G.
717 3503 803 3557 th„
831 3500 880 3557 6,
911 3500 989 3561 24,
1021 3501 1069 3551 8.

535 3590 601 3655 (3)
631 3590 766 3640 Liber
791 3591 1061 3650 matheseos,
1092 3589 1139 3651 3,
1171 3590 1245 3651 14,
1280 3592 1320 3640 1.

533 3679 602 3742 (4)
632 3679 722 3728 Pro
745 3678 987 3738 Marcello,
1025 3678 1080 3728 10
1107 3698 1118 3726 :
1153 3678 1256 3728 Non
1277 3679 1405 3729 modo
1433 3679 1646 3729 excubias
1673 3685 1717 3730 et
1735 3680 1987 3740 custodias,
2013 3680 2092 3728 sed
2117 3679 2253 3729 etiam
2275 3678 2464 3728 laterum
2492 3688 2597 3726 uos·

476 3776 646 3822 trorum
681 3773 725 3819 et
763 3781 995 3831 corporum
1027 3768 1308 3830 pollicemur.
1358 3765 1622 3819 Videntur
1660 3768 1922 3832 posterius
1968 3758 2244 3818 domestici
2288 3765 2489 3829 equites
2535 3778 2599 3816 ac

473 3859 678 3922 pedites
705 3857 889 3908 eodem
916 3858 972 3906 in
1006 3857 1201 3920 palatio
1241 3870 1458 3908 munere
1487 3859 1638 3921 fungi
1668 3878 1678 3907 ι
1711 3855 1965 3919 Cassiod„
2004 3857 2182 3918 Variae,
2213 3854 2257 3915 1,
2291 3854 2349 3906 10
2372 3874 2383 3903 ε
2410 3855 2599 3906 Domes-

475 3949 560 4000 tici
580 3952 732 4010 patres
761 3948 956 4012 equitum
984 3953 1028 3998 et
1049 3947 1278 4011 peditum,
1309 3948 1387 4010 qui
1413 3952 1579 3999 nostroe
1607 3948 1721 3997 aulae
1751 3948 1964 3997 videntur
1981 3947 2155 4008 Juqiter
2178 3944 2411 3995 excubare.

539 4036 607 4101 (5)
635 4035 743 4085 Alii
782 4038 1107 4106 protectores
1146 4039 1289 4085 stant
1322 4037 1464 4087 circa
1502 4021 1856 4086 Theodosium
1875 4072 1889 4097 ‚
1923 4034 2075 4085 ludos
2110 4034 2353 4085 edentem
2379 4032 2457 4098 (in
2483 4030 2597 4083 basi

474 4127 737 4178 columnae
757 4126 1382 4189 constantinopolitanae),
1407 4126 1549 4176 circa
1567 4124 1931 4176 Justinianum
1955 4126 2209 4188 templum
2236 4122 2405 4173 sancti
2435 4119 2594 4172 Vita·

477 4214 544 4264 lis
565 4214 868 4265 ravennatis
901 4214 1305 4278 inaugurantem
1339 4213 1424 4278 (in
1457 4214 1656 4263 absidis
1689 4213 1872 4277 templi
1899 4210 2193 4273 mosaicis),
2218 4210 2360 4260 circa
2385 4220 2596 4270 anony-

476 4316 622 4351 mum
651 4303 1041 4366 imperatorem,
1071 4302 1155 4352 die
1180 4302 1460 4353 oblationis
1488 4304 1733 4353 votorum
1756 4303 1831 4366 (in
1857 4299 2160 4358 monacensi
2181 4296 2491 4363 diptycho);
2522 4296 2595 4347 cf.

478 4390 740 4441 laterculum
760 4396 1139 4443 monumentorum
1162 4392 1218 4441 in
1245 4389 1532 4455 appendice
1562 4388 1629 4439 11.
1887 4400 1889 4403 ’
