3488 5421
1783 568 2151 665 '-28-

1024 742 1083 815 A
1113 739 1530 814 custodibus
1578 740 1822 812 lateris
1861 740 2343 831 corripiuntur
2379 741 2833 831 magistratus
2856 795 2874 824 ‚
2915 741 3050 814 viri

928 866 1271 949 illustreS‚
1317 865 1769 956 spectabiles,
1812 864 2313 949 clarissimive,
2356 866 2417 937 si
2456 866 2580 957 qui
2620 865 2900 957 culpam
2929 872 3054 938 aut

929 989 1161 1061 scelus
1198 988 1670 1072 admiserunt,
1716 994 1786 1061 et
1825 994 1991 1060 ante
2029 1006 2307 1060 sacrum
2347 988 2695 1080 principis
2734 989 3052 1062 tribunal

928 1113 1313 1187 ducuntur.
1351 1112 1754 1199 AfricanuS,
1783 1113 2174 1187 Pannoniae
2201 1114 2534 1187 secundae
2555 1132 2852 1205 praeseS,
2876 1114 3057 1188 Con-

930 1237 1272 1312 stantium
1313 1238 1548 1311 verbis
1598 1240 1923 1312 illuserat
1966 1264 1983 1310 :
2028 1238 2225 1312 misit
2248 1244 2682 1332 protectores
2720 1237 3048 1310 domesti-

929 1383 1039 1434 cos
1075 1369 1422 1456 augustus
1469 1390 1501 1428 ι
1542 1365 1668 1456 qui
1697 1382 1862 1438 eum
1889 1366 2189 1456 ejusque
2217 1365 2485 1439 amicos
2514 1364 2782 1437 catenis
2811 1382 3054 1437 onera:-

926 1495 1039 1589 tos
1074 1488 1553 1562 Mediolanum
1586 1489 2058 1580 perducerent
2102 1485 2196 1583 (l)
2237 1516 2267 1553 ι
2291 1542 2307 1560 .
2341 1487 2715 1572 ArrianuS,
2751 1487 3050 1561 Thebai-

932 1612 1044 1685 dis
1081 1630 1345 1704 praeses
1380 1611 1473 1707 (2)
1491 1667 1509 1696 ‚
1537 1613 1717 1686 alter
1746 1613 1987 1686 nescio
2013 1615 2217 1705 cujus
2242 1613 2627 1704 provinciae
2657 1619 2882 1686 rector
2917 1608 3046 1707 (5),

930 1735 1339 1811 christianae
1364 1736 1532 1810 fidei
1560 1736 1690 1820 rei,
1711 1754 1840 1827 per
1858 1742 2286 1830 protectores
2308 1737 2833 1810 custodiuntur.
2864 1735 3052 1807 Pro-

928 1868 1212 1934 tectores
1249 1870 1329 1936 ut
1366 1863 1880 1955 Apollinarem,
1924 1864 2094 1935 olim
2133 1881 2371 1937 curam
2411 1862 2656 1955 palatii
2698 1870 3047 1955 agentem.

932 1987 1273 2061 adversus
1312 1988 1592 2060 Gallum
1632 1989 2154 2078 comui-antem,
2195 1987 2331 2060 sub
2371 1987 2696 2061 custodia
2731 1995 3046 2072 teneant,

934 2111 1627 2203 Constantinopolim
1675 2114 2058 2185 mittuntur
2105 2110 2232 2206 (4).
2296 2114 2557 2185 Contra
2607 2112 2922 2185 Firmum
2976 2113 3051 2185 in

932 2236 1165 2310 Africa
1238 2236 1700 2310 rebellantem
1776 2237 2220 2310 Theodosius
2293 2238 2631 2330 magister
2699 2237 3051 2330 profectus

935 2380 1174 2435 secum
1201 2368 1637 2456 protectores
1677 2363 1931 2446 habet,
1975 2382 2017 2434 a
2055 2363 2321 2454 quibus
2365 2380 2601 2436 comes
2634 2363 2886 2437 Africae
2923 2365 3055 2436 Ro-

935 2508 1192 2562 manus
1240 2489 1756 2562 rebellantibus
1804 2488 2047 2562 favens
2096 2497 2286 2562 arcte
2331 2496 2656 2562 teneatur
2702 2487 2795 2585 (5)
2815 2544 2832 2561 .
2883 2488 3051 2561 Am·

933 2616 1254 2688 mianum
1311 2615 1693 2708 quemdam
1747 2615 2130 2707 provinciae
2183 2622 2526 2689 rectorem
2579 2616 2671 2688 ad
2727 2599 3054 2708 Ss'rmma-

933 2743 1145 2814 chum
1182 2740 1589 2833 praefectum
1625 2742 1827 2814 urbis
1858 2747 2278 2851 protectores
2317 2741 2681 2815 deducunt
2722 2738 2849 2835 (6).

1035 2865 1171 2953 Qui
1214 2866 1291 2936 in
1331 2866 1595 2958 palatio
1620 2921 1637 2950 ‚
1681 2867 1893 2941 etiam
1943 2867 2255 2959 praefecti
2303 2868 2636 2959 praetorio
2661 2921 2679 2951 ‚
2722 2873 2888 2940 ante
2923 2869 3059 2939 im·-

933 2981 1296 3083 peratores
1360 2991 1912 3072 accusabantur,
1971 2991 2489 3083 protectoribus
2563 2992 3065 3065 domesticisve

938 3115 1563 3189 committebantur
1607 3113 1737 3210 (7).
1783 3118 2087 3190 Narrant
2116 3116 2287 3189 Acta
2326 3123 2732 3189 sanctorum
2773 3116 3066 3189 cubicu-

936 3240 1194 3312 larium
1234 3240 1616 3332 quemdam
1658 3241 2127 3315 christianum
2167 3247 2472 3333 quatuor
2508 3240 3063 3333 protectoribuS‚

936 3384 979 3436 a
1009 3365 1275 3457 quibus
1312 3366 1713 3450 tenebatur,
1750 3355 2211 3440 christianam
2246 3364 2460 3440 fidem
2491 3365 2882 3439 incussisse
2924 3360 3022 3457 (8)
3044 3419 3063 3436 .

1005 3567 1076 3632 (1)
1101 3565 1280 3616 Amm.
1310 3564 1494 3624 Ματα,
1525 3564 1602 3628 15,
1630 3565 1676 3626 3,
1709 3565 1786 3616 10.

998 3655 1065 3721 (2)
1095 3656 1217 3707 Acta
1240 3661 1521 3715 sanctorum,
1552 3652 1756 3719 Martii,
1784 3655 1833 3717 8,
1861 3656 1911 3714 Ι,
1939 3670 1994 3720 p.
2017 3655 2132 3705 754.

998 3745 1067 3811 (3)
1099 3745 1394 3806 Palladium
1424 3745 1632 3796 Historia
1656 3745 1856 3795 lausiaca
1872 3781 1885 3806 ‚
1911 3743 1989 3795 67.

999 3834 1068 3898 (4)
1094 3834 1273 3885 Amm.
1298 3832 1481 3895 Marc„
1514 3832 1590 3891 14,
1617 3833 1665 3891 7,
1694 3833 1772 3885 19.

998 3924 1068 3992 (5)
1098 3924 1278 3974 Amm.
1307 3922 1490 3986 Marc„
1519 3922 1599 3985 29,
1626 3923 1673 3985 5,
1703 3923 1754 3975 7.

1000 4014 1069 4079 (6)
1097 4013 1480 4079 Symmachum
1506 4012 1767 4065 Relationes
1784 4050 1798 4076 ,
1828 4011 1905 4078 36,
1936 4012 2018 4064 ed.
2049 4010 2250 4075 Meyer.

997 4100 1070 4167 (7)
1099 4100 1277 4152 Amm.
1317 4099 1499 4160 Maro„
1533 4100 1617 4161 14,
1647 4100 1708 4161 7,
1739 4100 1797 4150 12
1828 4120 1840 4148 ι
1877 4100 1997 4150 Hinc
2026 4100 2103 4149 ille
2130 4097 2350 4163 (Gallus)
2384 4104 2654 4160 commotus,
2684 4104 2735 4149 ut
2759 4099 2927 4160 injuste
2951 4111 3089 4162 per-

940 4193 1089 4254 ferens
1112 4197 1156 4243 et
1182 4192 1396 4255 indiqna,
1423 4190 1635 4254 praefecti
1657 4189 1907 4240 custodiam
1930 4190 2258 4253 protectoribus
2281 4189 2574 4239 mandaverat
2597 4188 2720 4250 fidis.

1005 4280 1070 4344 (8)
1112 4280 1233 4332 Acta
1270 4284 1555 4340 sanctorum,
1596 4277 1896 4334 Februarii.
1922 4276 1971 4334 7,
2013 4277 2092 4340 ΙΙ,
2124 4294 2174 4341 ρ.
2213 4277 2268 4327 19
2300 4278 2349 4327 Α
2378 4297 2390 4327 2
2417 4278 2671 4340 Impar-ante
2698 4278 3091 4343 Diocletiano...,

842 4363 847 4368 ’
939 4372 1159 4432 nwrtyres
1194 4369 1428 4432 effecit...
1463 4371 1654 4430 quatuor
1676 4371 1977 4430 protectores,
2007 4380 2191 4432 quorum
2224 4366 2438 4422 custodia
2476 4368 2730 4420 commissu
2761 4370 2859 4418 erat
2888 4366 2936 4415 b.
2970 4368 3095 4418 Pe·-
