3488 5421
8 46 195 59 r——’-·“

1316 684 1394 697 .-
1436 648 1512 711 w19
1554 684 1633 696 ,-

506 787 751 881 Atqui,
786 805 1008 880 quum
1042 794 1342 878 uterque
1373 785 1749 859 custodum
1781 802 2124 857 numerus
2163 784 2354 857 idem
2383 790 2536 856 tum

412 932 676 995 nomen
709 912 1024 994 inducat,
1061 929 1353 985 necesse
1376 918 1486 983 est
1507 909 1784 983 militiae
1818 927 1969 981 suae
1993 927 2248 1000 genere
2283 907 2538 982 distin-

416 1046 723 1132 guantur
745 1094 762 1122 ,
804 1038 999 1129 prior
1037 1035 1388 1130 equitum,
1430 1036 1785 1127 posterior
1819 1032 2144 1127 peditum
2195 1051 2540 1106 numerus

415 1170 726 1237 vocetur.
757 1164 839 1234 In
867 1162 1131 1261 Notitia
1163 1161 1619 1252 dignitatum,
1653 1197 1750 1210 —-
1778 1176 1996 1249 quam
2027 1159 2240 1250 igitur
2267 1165 2541 1250 partem

421 1295 584 1380 post
621 1307 687 1359 a.
723 1289 863 1358 416
896 1286 1230 1380 scriptam
1267 1290 1392 1356 aut
1420 1288 1804 1356 correctam
1834 1301 2035 1356 exeo
2065 1282 2416 1374 colligam,
2451 1321 2546 1336 —-

423 1412 514 1486 de
548 1409 927 1482 domesticis
980 1410 1193 1484 modo
1241 1408 1678 1481 mentionem
1725 1408 2134 1480 invenimus
2180 1431 2197 1478 ε
2245 1416 2317 1479 at
2362 1408 2550 1480 inter

426 1535 829 1606 domesticos
867 1534 1144 1630 pedites
1179 1542 1248 1607 et
1283 1533 1685 1603 domesticos
1720 1531 2004 1626 equite&
2049 1550 2272 1624 quum
2311 1532 2389 1603 in
2428 1549 2545 1604 oc-

428 1660 709 1733 cidente
733 1714 751 1744 ,
803 1666 954 1732 tum
1005 1661 1080 1731 in
1147 1658 1420 1732 oriente
1441 1711 1459 1740 ,
1523 1657 1977 1729 discernitur.
2034 1659 2206 1759 Quae
2257 1650 2554 1729 nomina

432 1788 888 1856 asservantur
940 1802 1174 1875 usque
1212 1782 1304 1854 ad
1353 1783 1741 1854 Iustiniani
1790 1778 1885 1874 (1)
1925 1787 1996 1853 et
2031 1782 2407 1872 gothorum
2447 1799 2554 1854 re-

424 1927 599 2001 ·gum
632 1913 953 2001 tempora
998 1905 1091 2003 (2)
1110 1963 1126 1979 .

531 2034 607 2105 Si
646 2051 890 2105 verum
924 2032 1354 2124 judicemus,
1399 2031 1585 2103 inter
1612 2048 1842 2102 annos
1880 2033 2020 2101 416
2061 2036 2132 2123 et
2168 2032 2310 2103 455
2352 2029 2444 2103 ad
2480 2031 2561 2104 ti-

436 2161 667 2231 tulum
697 2166 769 2231 et
802 2158 1219 2250 dignitatem
1257 2157 1809 2229 domesticorum
1847 2162 2279 2248 protectores
2312 2174 2561 2231 omnes

440 2285 748 2375 provecti
802 2291 973 2356 sunt
1027 2309 1044 2354 ε
1098 2301 1240 2373 quo
1293 2300 1548 2373 genere
1600 2281 2074 2373 provectionis
2123 2282 2288 2372 quis
2339 2281 2566 2355 nescit

443 2407 628 2479 nihil
656 2408 735 2478 in
760 2407 1062 2499 imperio
1085 2424 1381 2478 romano
1404 2407 1692 2478 labante
1711 2405 2158 2496 frequentius
2185 2405 2569 2480 accidisse?

445 2534 533 2605 At
570 2533 966 2605 notandum
1008 2539 1154 2616 est,
1199 2550 1480 2624 semper
1517 2531 1879 2622 peditibus
1919 2531 2230 2622 equites,
2279 2538 2360 2604 ut
2396 2533 2567 2604 olim

448 2656 963 2749 protectoribus
1018 2656 1446 2730 domesticos
1503 2654 1920 2728 antecedere
1979 2678 1995 2726 z
2062 2655 2255 2747 quod
2309 2656 2573 2729 Notitia

450 2782 876 2874 dignitatum
914 2789 983 2854 et
1021 2781 1181 2854 duae
1215 2780 1493 2853 Codicis
1518 2781 1901 2872 justiniani
1931 2783 2121 2872 leges
2151 2780 2566 2854 ostendunt.

455 2908 721 2978 Harum
759 2908 994 2997 legum
1047 2906 1285 2997 priore
1315 2961 1332 2989 ,
1386 2905 1796 2978 domesticis
1845 2905 2254 2997 equitibus,
2309 2908 2570 2988 altera,

455 3029 864 3104 domesticis
904 3029 1268 3121 peditibus
1308 3029 1499 3102 idem
1542 3029 1994 3102 commodum
2036 3028 2351 3103 defertur
2394 3027 2524 3124 (5).

551 3156 1083 3244 Nonnunquam
1118 3155 1496 3245 antiquum
1527 3154 1904 3227 custodum
1934 3171 2198 3226 nomen
2227 3159 2580 3245 protector

462 3285 813 3361 servatur,
867 3277 1092 3368 quod·
1131 3297 1322 3370 saepe
1386 3278 1579 3370 apud
1646 3279 2065 3369 Procopium
2133 3279 2391 3369 legitur
2434 3265 2451 3349 ὲ
2511 3282 2583 3349 at

461 3402 651 3475 idem
691 3421 884 3474 nunc
921 3421 1002 3473 ac
1039 3402 1472 3474 domesticus
1513 3402 1935 3474 vocabulum
1971 3401 2323 3493 significat
2366 3397 2493 3496 (4).

529 3630 592 3694 (ί)
625 3629 673 3684 G.
693 3633 754 3691 j„
786 3629 833 3690 2,
865 3627 912 3686 7.
943 3630 1022 3686 25,
1055 3630 1081 3678 3
1108 3629 1240 3694 (519)
1269 3650 1280 3679 ε
1311 3629 1576 3680 lacerandos
1597 3629 1944 3693 maesentalibus
1972 3629 2225 3682 domesticis
2244 3668 2256 3691 ‚
2284 3644 2422 3682 unum
2455 3634 2587 3695 equi-

470 3723 586 3782 tum,
611 3719 801 3771 alterum
824 3719 985 3768 scholae
1008 3717 1228 3781 peditum.

533 3806 601 3870 (2)
641 3805 779 3870 Ergo
818 3804 1086 3855 Zosimum
1127 3811 1221 3857 aut
1264 3808 1628 3869 pleonasmum
1673 3811 1766 3857 aut
1808 3806 2268 3856 anachronismum
2315 3807 2594 3860 admittere

471 3896 766 3960 opinamur,
792 3908 956 3958 quum
984 3894 1129 3958 dicit,
1161 3896 1228 3945 ad
1250 3910 1296 3945 a.
1329 3894 1437 3957 407,
1470 3897 1518 3957 5,
1550 3895 1608 3945 47
1636 3899 1781 3946 εΤῶν
1809 3897 1991 3949 ἱππέων
2019 3896 2343 3959 δομεστίκων.

532 3984 600 4048 (3)
634 3984 683 4036 G.
704 3987 841 4047 just„
873 3983 947 4041 12,
979 3983 1050 4046 17,
1081 3985 1111 4035 5
1139 4005 1150 4033 :
1191 3983 1253 4035 Ἦ
1280 3986 1491 4044 διάταξις
1520 3988 1579 4037 τὸ
1607 3987 1875 4052 προνόμιον
1904 3986 1963 4036 τὸ
1990 3986 2253 4049 δεδομένον
2286 3991 2358 4052 τῷ
2388 4002 2596 4038 σεκουν-

472 4074 681 4140 δοκερίῳ
707 4078 805 4124 τῶν
831 4074 1016 4124 ἱππέων
1042 4074 1293 4140 χαρίζεται
1317 4076 1401 4124 καὶ
1423 4076 1493 4140 τῷ
1518 4074 1908 4141 σεκουνδοκερίῳ
1930 4079 2028 4124 τῶν
2055 4079 2228 4132 πεζῶν.
2255 4074 2317 4123 In
2342 4074 2598 4139 diptycho

376 4153 381 4156 ’
474 4177 522 4213 a.
559 4161 652 4212 539
688 4165 908 4212 vocatur
932 4159 1227 4226 strategius
1258 4160 1586 4230 ApiopssOM.
1622 4160 1839 4214 DEVV.
1871 4160 2091 4214 DOMM.
2128 4177 2140 4213 ε
2173 4164 2362 4213 litterae
2393 4160 2441 4212 V
2466 4166 2520 4213 et
2544 4161 2598 4214 M

477 4251 597 4301 ideo
635 4252 839 4301 iteratae
867 4256 993 4300 sunt
1029 4251 1169 4315 quod
1210 4252 1622 4303 domesticorum
1660 4266 1853 4318 corpus
1893 4266 1923 4303 e
1961 4253 2167 4303 duobus
2199 4252 2435 4305 numeris
2467 4265 2602 4303 con-

480 4340 666 4401 stabat,
698 4337 752 4389 G.
781 4338 818 4388 i.
849 4339 903 4398 l.,
934 4336 1080 4389 2699.

544 4425 618 4491 (4)
642 4424 723 4479 ct.
752 4426 986 4480 Amodata
998 4463 1013 4490 ,
1044 4425 1125 4479 24.
