3488 5421
1816 606 1894 620 ...
1935 573 2009 634 ῃ
2051 605 2131 621 .-

916 709 1357 781 Gaudentius
1400 707 1480 781 V.
1518 708 1613 780 D.
1665 705 1756 780 P.
1801 707 1888 781 L.
1932 707 2031 780 D.
2077 711 2419 801 scriptum
2458 710 2616 789 fuit.
2661 712 2810 784 ita:
2853 711 3032 782 Fla-

914 837 1068 908 vius
1130 834 1593 915 GaudentiuS‚
1669 835 1790 904 vir
1835 834 2322 906 devotissimus
2372 842 2735 928 protector
2798 836 3037 908 lateris

912 960 1133 1030 divini
1175 959 1303 1054 (1).
1781 935 1786 940 ’

1016 1089 1357 1172 Quaenam
1404 1087 1780 1158 verborum
1833 1085 2191 1157 domestici
2240 1093 2307 1158 et
2362 1088 2784 1178 protectoris
2827 1089 3038 1161 fuerit

918 1211 1342 1304 significatio
1395 1229 1629 1303 operae
1682 1213 1989 1302 pretium
2044 1218 2151 1283 est
2190 1212 2637 1303 investigare.
2686 1216 3041 1287 Protector

920 1345 1026 1410 est
1057 1337 1181 1428 qui
1217 1335 1607 1427 principem
1640 1336 1979 1427 protegit,
2015 1335 2234 1426 idque
2263 1335 2433 1408 dicit
2462 1337 2905 1410 Theodosius
2927 1340 3038 1429 ju-

921 1465 1080 1533 nior
1114 1468 1457 1551 augustus
1505 1458 1599 1552 (2)
1652 1486 1668 1530 :
1711 1478 1844 1532 nec
1881 1461 2017 1532 isto
2048 1461 2389 1532 vocabulo
2420 1461 2840 1534 vocabulum
2870 1481 3041 1553 grae-

921 1605 1079 1659 cum
1137 1586 1556 1657 traducitur.
1617 1587 1907 1656 Frustra
1958 1585 2174 1676 igitur
2229 1585 2492 1676 aliquis
2543 1587 2711 1658 velit
2763 1588 3043 1659 numeri

921 1711 1265 1802 originem
1314 1717 1630 1801 tempore
1668 1710 2176 1800 imperatorum
2217 1709 2700 1781 Alexandrum
2750 1710 3039 1786 imitan-v

922 1838 1098 1909 tium
1144 1836 1391 1906 fuisse.
1438 1834 1815 1917 Caeterum,
1851 1835 1999 1922 jam
2041 1833 2567 1904 Antoninorum
2608 1840 2839 1918 aetate,
2870 1855 3044 1927 pro-

920 1965 1126 2029 tector
1149 1955 1492 2051 praefecti
1519 1954 1862 2050 praetorio
1894 1958 1956 2028 is
1996 1956 2363 2028 dicebatur
2390 1957 2890 2059 beneficiarius
2922 1961 3042 2050 qui

926 2084 1234 2174 praefecti
1275 2082 1659 2172 singularis
1699 2088 1849 2152 erat
1894 2078 2020 2174 (5).
2065 2080 2290 2164 Adde,
2332 2082 2527 2173 quod
2562 2082 2640 2153 in
2680 2090 2879 2173 parte
2915 2080 3045 2155 im-

925 2210 1103 2302 perii
1145 2207 1472 2279 orientali
1511 2212 1864 2297 protector
1901 2224 2123 2297 graece
2159 2210 2521 2302 προτῆκτωρ
2560 2207 3042 2291 scribebatur,

924 2351 1155 2424 usque
1194 2331 1328 2403 sub
1369 2331 1821 2402 Constantini
1864 2299 2758 2423 Porphyrogenfflregno
2805 2331 2931 2427 (4).

1025 2458 1287 2531 Eadem
1328 2455 1697 2528 domestici
1758 2453 1850 2549 (5)
1905 2456 2101 2529 verbi
2141 2456 2365 2528 latina
2416 2458 2612 2548 origo
2667 2464 2801 2530 est.
2866 2460 3044 2542 Hoc,

929 2601 1271 2657 caesarum
1304 2583 1620 2674 priorum
1662 2586 1904 2664 aetate,
1949 2580 2394 2671 usurpabant
2432 2583 2551 2671 qui
2607 2583 3051 2673 imperatori-

931 2712 1066 2784 bus
1099 2715 1178 2782 ut
1214 2708 1305 2781 ab
1343 2706 1671 2798 epistulis
1695 2761 1712 2790 ,
1747 2726 1802 2777 -a
1843 2705 2244 2779 rationibus
2274 2706 2572 2780 aderant
2607 2703 2701 2803 (6)
2729 2763 2747 2792 ‚
2793 2706 3053 2780 deinde

931 2852 1180 2908 omnes
1233 2833 1642 2923 quicunque
1679 2833 1756 2903 in
1796 2831 2060 2922 palatio
2099 2831 2503 2903 'serviebant
2558 2829 2686 2926 (7).
2747 2834 2835 2904 Ut
2883 2833 3053 2904 olim

932 2966 1399 3051 protectoreS‚
1442 2957 1871 3029 domesticos
1912 2943 2165 3056 quarto
2203 2957 2463 3028 saeculo
2500 2958 2683 3030 circa
2727 2975 2802 3062 se
2842 2955 3057 3029 habet
3128 3029 3135 3034 .

994 3215 1060 3278 (l)
1088 3213 1313 3264 Bulletino
1342 3212 1391 3261 di
1417 3211 1697 3272 archeoloqia
1727 3210 1948 3260 cristiana
1968 3247 1980 3270 ,
2012 3209 2125 3259 Illa
2149 3223 2251 3259 ser.
2277 3249 2287 3266 ,
2317 3208 2390 3259 IV
2424 3208 2596 3278 (1853)
2614 3248 2625 3270 ‚
2660 3224 2709 3273 p.
2745 3208 2821 3269 32,
2860 3210 2951 3279 ubi
2982 3207 3059 3260 De

935 3304 1091 3355 Rossi
1128 3303 1283 3353 lateris
1310 3300 1526 3351 dominici
1559 3300 1820 3363 proponit.
1846 3296 1927 3349 Cf.
1965 3301 2085 3349 Acta
2128 3312 2253 3349 conc.
2296 3300 2439 3350 carth.
2472 3313 2518 3350 α.
2544 3298 2663 3359 411,
2694 3297 2935 3348 Harduin
2956 3336 2967 3354 ,
3000 3296 3062 3359 Ι,

935 3412 986 3460 p.
1023 3392 1139 3444 1190
1164 3411 1176 3441 ε
1213 3390 1340 3442 Viris
1363 3389 1663 3441 devotissimis
1685 3388 2014 3450 protectoribus
2045 3388 2316 3438 domesticis.

997 3482 1069 3547 (2)
1097 3480 1147 3532 G.
1177 3481 1267 3540 th„
1297 3478 1345 3540 6,
1365 3477 1443 3534 24,
1475 3476 1519 3526 9.

999 3569 1067 3634 (8)
1099 3570 1217 3619 Aur.
1246 3567 1451 3627 Severus,
1472 3570 1700 3629 protector
1722 3578 1798 3628 pr.
1820 3578 1917 3628 pr..
1949 3564 1999 3615 G.
2022 3567 2059 3615 i.
2090 3564 2146 3624 1.,
2177 3561 2272 3620 VI,
2304 3563 2445 3614 3238.

997 3660 1068 3724 (4)
1099 3659 1148 3711 G.
1182 3660 1218 3709 i.
1258 3672 1350 3721 qr„
1379 3654 1537 3718 94493
1568 3654 1751 3717 Nilne,
1781 3655 2025 3718 Epinoion,
2057 3653 2109 3717 1,
2143 3653 2263 3713 233,
2292 3652 2414 3716 252;
2441 3652 2500 3714 2,
2527 3652 2638 3713 231,
2666 3651 2792 3715 3243
2821 3652 3060 3716 Basilicae,

938 3751 984 3811 6,
1012 3748 1101 3811 27,
1138 3747 1179 3797 1.
1204 3746 1265 3804 2;
1295 3745 1613 3809 Procopium,
1637 3744 1901 3802 Anecdota,
1933 3742 2024 3805 243
2055 3740 2233 3793 Const.
2271 3741 2556 3805 Porphyr„
2584 3741 2645 3791 De
2678 3741 2978 3803 caerimoniis,
3015 3740 3060 3792 1.

943 3838 1084 3891 Raro
1127 3839 1389 3902 protector
1426 3835 1483 3884 in
1523 3833 1667 3884 aliud
1705 3835 1927 3885 verbum
1957 3831 2277 3894 traducitur3
2304 3833 2656 3895 protectorem
2684 3828 2915 3894 appellat
2944 3827 3061 3881 Me-

942 3928 1158 3988 nander,
1187 3928 1410 3988 Excerpta
1438 3925 1490 3974 de
1515 3922 1621 3986 loy„
1653 3938 1703 3986 p.
1730 3921 1840 3984 418,
1866 3920 1950 3971 ed.
1980 3920 2182 3977 Bona..
2215 3922 2612 3987 προσπεπαστής.
2647 3921 3061 3986 Προσκεπαστής,

941 4034 972 4068 a
998 4017 1421 4086 προσκέπτεσθαι,
1449 4015 1728 4078 prospicere,
1752 4012 2036 4076 protectori
2061 4023 2169 4060 non
2200 4013 2342 4061 recte
2371 4009 2677 4074 respondet.

1003 4106 1076 4170 (5)
1114 4104 1299 4156 Graece
1324 4106 1641 4169 δομέστικος,
1674 4101 1813 4165 quod
1848 4102 2067 4151 verbum
2097 4113 2265 4162 usque
2304 4099 2371 4148 ad
2394 4113 2440 4147 a.
2479 4097 2597 4149 1453
2626 4097 2769 4162 apud
2803 4095 3064 4148 Codinum

943 4196 1262 4246 invenimus-

1007 4282 1074 4347 (6)
1105 4282 1413 4344 Suetonius,
1454 4282 1513 4333 V.
1537 4281 1682 4343 Any„
1703 4278 1793 4341 893
1825 4280 1882 4330 V.
1910 4278 2107 4339 claudii,
2137 4277 2200 4336 9;
2236 4278 2299 4328 V.
2326 4276 2541 4336 Othonis,
2579 4275 2653 4325 10.

1012 4372 1076 4435 (7)
1105 4371 1440 4431 Lactantius,
1468 4370 1528 4420 Dc
1554 4374 1688 4420 mort.
1711 4380 1852 4430 pers,
1888 4367 1959 4418 15.
