3488 5421
1795 626 2117 688 -32-

894 773 1012 839 tus
1064 790 1081 836 ε
1125 782 1438 854 namque
1459 818 1476 846 ,
1522 762 1845 854 Procopii
1893 758 2339 852 usurpatoris
2363 813 2380 841 ‚
2434 759 2636 849 cuius
2684 764 3020 848 cognatus

895 898 1082 975 erat,
1126 889 1420 962 interitu
1459 888 1737 980 cognito
1766 943 1783 971 ‚
1837 887 1929 959 ad
1980 885 2498 958 chalcedonem
2537 883 3019 975 occupandam

895 1022 966 1087 et
1002 1013 1382 1106 imperium
1421 1011 1939 1104 capessendum
1980 1011 2153 1082 satis
2192 1010 2415 1081 valuit
2461 1004 2589 1102 (1).

995 1141 1173 1231 Lege
1211 1157 1401 1210 anno
1443 1140 1584 1209 420
1632 1144 1923 1230 propter
1970 1136 2327 1227 persicum
2361 1134 2631 1207 bellum
2656 1187 2673 1216 ‚
2721 1140 2801 1205 ut
2835 1132 3054 1213 vides

895 1271 1012 1336 tur
1035 1319 1052 1347 ‚
1103 1266 1281 1347 lata,
1325 1262 1664 1334 Romanis
1705 1280 1866 1335 cum
1923 1261 2256 1333 hostibus
2296 1259 2820 1332 communicare
2858 1277 3019 1349 pro-

897 1388 1233 1460 hibitum.
1258 1387 1751 1469 NaviculariiS‚
1777 1405 1957 1476 quas
1988 1403 2256 1458 merces
2279 1391 2348 1457 et
2376 1383 2453 1455 in
2485 1402 2664 1474 quas
2695 1382 3019 1474 regiones

896 1514 1400 1596 transveham,
1444 1519 1609 1585 ante
1649 1511 2059 1583 defensores
2099 1510 2460 1582 civitatum
2513 1508 3017 1581 declarandum

897 1644 1045 1721 est,
1088 1642 1442 1729 praesente
1466 1691 1483 1719 ,
1527 1643 1650 1708 aut
1676 1641 2081 1728 protectore
2110 1634 2445 1724 deputato
2484 1629 2614 1726 (2),
2658 1639 2781 1705 aut
2818 1632 3019 1704 ducis

897 1761 1249 1865 limitanei
1286 1759 1569 1833 officiali
1611 1737 1952 1851 quodam.
1995 1844 2000 1849 ⁵

995 1886 1357 1959 Eademne
1387 1886 1670 1976 negotia
1698 1884 2216 1975 protectoribus
2246 1890 2316 1955 et
2346 1883 2755 1955 domesticis
2784 1882 3021 1973 injun-

898 2008 1298 2103 gebantur?
1335 2010 1508 2084 Mihi
1547 2009 1880 2081 videntur
1903 2064 1920 2093 ,
1966 2010 2027 2080 si
2065 2009 2157 2081 ad
2194 2009 2520 2098 exempla
2557 2026 2774 2099 supra
2810 2008 3024 2078 allata

898 2153 1032 2207 nos
1078 2134 1487 2219 referimus,
1543 2133 2063 2225 protectoribus
2119 2133 2514 2224 praesertim
2566 2139 2688 2204 aut
2740 2149 3020 2204 reorum

898 2259 1259 2343 custodia,
1304 2266 1427 2331 aut
1467 2285 1499 2323 α
1539 2259 1747 2331 tuitio
1796 2260 2112 2331 locorum
2155 2286 2185 2323 ιο
2235 2258 2595 2332 bellicaeve
2632 2256 3020 2348 expeditio-

899 2402 1028 2456 nes
1069 2385 1470 2457 commissae
1518 2383 1744 2456 ‘fuisse
1800 2409 1816 2454 ε
1864 2384 2233 2457 domestici
2282 2391 2518 2456 autem
2560 2383 2653 2455 ad
2704 2383 2829 2454 illa
2866 2401 3019 2454 mu-

899 2528 1073 2582 nera
1111 2509 1473 2600 deputati,
1518 2508 1594 2580 in
1656 2509 1921 2599 quibus
1971 2508 2563 2581 administrandis
2612 2507 2854 2579 minus
2900 2526 3014 2579 ar-

899 2634 1038 2705 mis
1112 2640 1182 2705 et
1246 2633 1505 2705 virtute
1578 2651 1794 2724 quam
1870 2632 2169 2705 consilio
2248 2640 2317 2705 et
2387 2632 2770 2729 prudentia
2840 2649 3019 2724 opus

901 2741 1137 2831 esset(
1167 2759 1352 2831 Fieri
1405 2764 1640 2849 potest
1677 2765 1758 2830 ut
1804 2759 1881 2829 in
1933 2760 2086 2850 lege
2140 2777 2206 2829 a.
2265 2759 2405 2829 416
2468 2784 2500 2822 α
2553 2756 2761 2829 tuitio
2824 2758 3014 2828 loco-

900 2900 1060 2954 rum
1107 2908 1140 2947 »
1205 2882 1297 2954 ad
1358 2888 1792 2974 protectores
1819 2938 1836 2966 ,
1902 2910 1933 2947 α
1998 2882 2276 2974 longior
2325 2882 2653 2972 quaedam
2713 2880 3020 2954 necessi-

896 3012 1006 3078 tas
1067 2986 1110 3071 2‘
1149 3007 1241 3079 ad
1279 3006 1707 3079 domesticos
1744 3006 2186 3098 pertinuerit
2245 3002 2373 3101 (5).
2433 3009 2533 3078 De
2595 3025 2735 3096 qua
2795 3025 2872 3079 re
2914 3010 3019 3077 ta-

899 3148 1062 3204 men
1139 3149 1221 3203 eo
1288 3132 1514 3222 magis
1563 3130 1892 3205 dubitare
1945 3131 2108 3204 licet
2168 3131 2363 3223 quod
2413 3131 2713 3203 fortasse
2775 3132 3018 3222 plures

896 3262 1328 3347 protectores
1384 3263 1723 3330 vocantur
1778 3258 1902 3348 qui
1949 3263 2381 3348 protectores
2446 3256 2815 3329 domestici
2871 3254 3017 3326 fue-

866 3380 1067 3453 rint.
3001 3383 3005 3387 ’

996 3506 1463 3597 Temporibus
1514 3506 2015 3598 justinianeis‚
2084 3514 2362 3579 tantum
2422 3507 2610 3579 intra
2673 3506 3016 3598 palatium

900 3631 1506 3728 quemadmodum
1563 3632 2084 3705 ostensionales
2150 3631 2651 3704 candidatosve
2704 3630 2967 3702 milites
2992 3683 3011 3713 ,

899 3757 998 3828 ita
1027 3756 1456 3830 domesticos
1482 3756 1748 3833 servire
1767 3757 1984 3830 tradit
2010 3756 2423 3849 ProcopiuS,
2450 3756 2726 3831 bellicis
2754 3755 3016 3829 labori-

959 4039 1030 4112 (1)
1057 4039 1254 4107 Amma,
1284 4037 1364 4108 26,
1399 4035 1470 4107 10,
1507 4036 1608 4097 1³3.
2544 4087 2548 4091 ,

963 4135 1031 4201 (2)
1058 4135 1106 4189 G.
1138 4134 1226 4196 th„
1251 4133 1310 4198 ’7,
1345 4133 1428 4196 16,
1456 4134 1484 4184 3
1516 4151 1529 4184 2
1558 4134 1791 4186 Praesente
1815 4133 2065 4196 protectore
2093 4145 2170 4185 seu
2202 4128 2424 4198 ducian03
2457 4130 2529 4184 cf.
2566 4130 2631 4184 de
2658 4131 2816 4185 rebus
2844 4147 2892 4184 a.
2926 4125 3019 4183 420

896 4228 956 4278 in
978 4226 1180 4275 oriente
1205 4225 1397 4289 gestie,
1429 4224 1479 4275 G.
1504 4228 1644 4287 just..
1670 4224 1716 4285 8,
1752 4223 1824 4285 10,
1861 4222 1943 4282 10;
1971 4222 2260 4287 Godefroy,
2281 4220 2337 4273 C.
2363 4224 2449 4286 th„
2477 4222 2547 4285 11,
2571 4238 2624 4287 p.
2652 4222 2762 4285 405,
2788 4223 2869 4273 ed.
2900 4221 3019 4273 Rit-

899 4319 996 4368 ter.
1023 4314 1102 4367 De
1124 4315 1258 4365 duce
1280 4314 1673 4379 Mesopotamiae
1700 4314 1880 4364 forsan
1902 4314 2093 4378 agitur.
2197 4327 2201 4332 ·

961 4401 1137 4468 (3)01’.
1166 4418 1220 4467 p.
1246 4401 1326 4465 29,
1356 4419 1410 4486 n.
1441 4404 1470 4455 3
1499 4406 1552 4455 et
1579 4418 1630 4468 p.
1661 4400 1738 4455 30.
