3488 5421
1748 576 2072 640 -76-

849 718 999 791 mul
1037 716 1318 810 imperii
1369 716 1720 791 exereitus
1776 723 1848 791 et
1883 723 2347 810 augustorum
2400 716 2830 791 domesticos
2871 735 2977 790 re-

848 842 1083 935 gebat.

822 1040 827 1043 .
949 967 1308 1059 Denique,
1351 975 1431 1041 ut
1467 983 1710 1041 revera
1747 975 2100 1058 quantum
2146 966 2274 1040 illa
2310 965 2590 1041 comitis
2644 967 2981 1041 domesti-

851 1111 1096 1168 oorum
1134 1091 1446 1186 dignitas
1485 1093 1787 1186 polleret
1814 1094 2221 1185 judicemus
2244 1146 2263 1184 ,
2309 1112 2456 1166 non
2507 1088 2981 1167 omittendum

854 1223 964 1294 est
998 1219 1242 1309 plures
1279 1217 1582 1291 fortasse
1619 1236 1662 1289 a
1699 1216 2033 1291 comitiva
2068 1236 2284 1309 quam
2322 1237 2366 1290 a
2404 1218 2810 1310 magisterio
2860 1217 2985 1289 mi-

857 1342 1064 1415 litum
1102 1340 1196 1415 ad
1234 1359 1531 1436 regnum
1572 1340 1923 1414 transisse
1954 1341 2420 1434 imperatores
2456 1337 2589 1436 (1).
2633 1342 2691 1415 A
2730 1340 2986 1415 oomite

857 1466 1409 1540 domesticorum
1440 1465 1799 1560 incipiunt
1824 1473 1990 1559 post
2018 1467 2460 1540 severianam
2490 1473 2560 1540 et
2587 1465 2990 1540 antoninia-

859 1609 1026 1665 nam
1065 1590 1529 1665 validissimae
1566 1598 1635 1665 et
1664 1590 2147 1666 celeberrimae
2186 1598 2651 1684 augustorum
2687 1589 2981 1674 domus,

860 1714 1287 1795 diocletiana
1322 1712 1434 1810 (2)
1473 1723 1544 1791 et
1580 1714 2027 1807 justinianea
2057 1711 2163 1810 (5)
2206 1740 2224 1786 ε
2268 1715 2778 1804 Diocletianus,
2827 1718 2989 1789 Jus-

862 1839 1087 1924 tinus,
1121 1840 1448 1915 Tiberius
1477 1841 1617 1933 (4),
1650 1847 2002 1915 recturam
2040 1840 2417 1916 custodum
2454 1860 2614 1916 oum
2647 1840 2993 1935 regimine

864 1965 1118 2039 mundi
1156 1971 1797 2040 commutaverunt.

863 2222 994 2272 dum
1022 2222 1078 2271 in
1104 2220 1325 2281 oriente,
1361 2224 1416 2271 ut
1445 2218 1674 2276 videtur.
1699 2234 1750 2270 a.
1772 2218 1865 2270 449
1891 2219 2165 2284 (Priscus,
2195 2222 2333 2281 Eme„
2362 2235 2415 2285 p.
2441 2220 2561 2280 213,
2590 2221 2652 2282 2;
2680 2222 2752 2272 cf.
2776 2234 2895 2285 app.
2926 2220 2992 2283 Ι),

866 2323 1022 2374 quem
1047 2309 1251 2361 seimus
1278 2310 1589 2373 magistrum
1617 2309 1785 2360 fuisse
1813 2309 2041 2359 militum
2072 2311 2138 2360 ab
2165 2325 2213 2360 a.
2247 2307 2338 2359 420
2364 2309 2432 2360 ad
2458 2325 2507 2360 a.
2545 2309 2631 2360 451
2669 2308 2864 2372 (Annali
2891 2309 2998 2358 ΜΡ

866 2400 1115 2462 instituto,
1150 2398 1300 2460 1859,
1332 2414 1421 2464 pp.
1447 2397 1542 2448 282
1564 2404 1617 2449 et
1642 2397 1776 2461 285).

927 2488 996 2552 (1)
1034 2487 1337 2539 Notandum
1366 2491 1448 2539 est
1474 2486 1854 2547 Stilichonem,
1883 2486 1932 2539 G.
1962 2488 1999 2537 i.
2026 2488 2082 2549 l.‚
2115 2485 2220 2548 VI,
2249 2486 2387 2549 1731,
2417 2487 2651 2547 Aetium,
2683 2485 2873 2546 habbe,
2901 2483 2995 2547 IV,

867 2593 921 2644 p.
948 2577 1070 2640 574,
1101 2578 1262 2629 simul
1292 2577 1517 2629 comites
1544 2576 1960 2627 domesticorum
1975 2580 2040 2653 'et
2070 2577 2255 2628 comites
2280 2577 2452 2628 stabuli
2488 2576 2634 2640 (sive
2658 2576 2862 2627 tribunos
2881 2610 2896 2636 ‚
2930 2574 3001 2625 de

868 2683 975 2735 quo
1004 2669 1158 2721 titulo
1185 2683 1237 2720 v.
1265 2668 1317 2721 G.
1347 2669 1436 2730 th„
1477 2667 1528 2721 11
1547 2705 1560 2725 .
1587 2684 1639 2734 p.
1669 2666 1732 2719 98
1760 2666 1857 2731 Α),
1890 2667 2073 2719 fuisse.

930 2760 999 2824 (ἲ)
1034 2756 1329 2825 Vopiscus»,
1366 2759 1425 2811 V.
1450 2759 1658 2819 Numer„
1695 2756 1782 2814 132
1812 2755 1945 2808 Aur.
1973 2754 2139 2818 vict„
2166 2757 2228 2807 De
2258 2757 2393 2819 (ἵει,
2418 2756 2499 2808 39.

937 2849 1006 2913 (3)
1037 2848 1083 2899 Α
1111 2847 1329 2900 «Iustino
1357 2848 1585 2908 thracio.
1619 2845 1835 2909 Matala,
1872 2846 1946 2910 ¹7,
1976 2846 2058 2898 ed.
2086 2849 2246 2898 boun.
2264 2884 2278 2909 ‚
2303 2862 2358 2913 p.
2389 2844 2498 2898 410.

940 2940 1005 3004 (i)
1048 2937 1479 3005 Theophylaetus
1515 2936 1837 2997 simocatta,
1888 2937 1945 2993 3.
1995 2936 2047 2989 11
2075 2973 2089 2998 ‚
2136 2936 2224 2987 ed.
2268 2938 2448 2996 boun„
2488 2951 2540 3001 p.
2572 2936 2697 2987 135:
2730 2934 3001 2986 Tiberium

874 3027 1048 3079 adhue
1075 3028 1323 3080 comitem
1355 3028 1730 3084 excubitorum
1756 3026 1791 3079 J
1797 3027 2009 3078 ustinus
2033 3039 2288 3077 caeserem
2315 3026 2659 3079 renuntiavit.
