<?xml version="1.0" encoding="UTF-8"?>
<!DOCTYPE html PUBLIC "-//W3C//DTD XHTML 1.0 Transitional//EN"
    "http://www.w3.org/TR/xhtml1/DTD/xhtml1-transitional.dtd">
<html xmlns="http://www.w3.org/1999/xhtml" xml:lang="en" lang="en">
 <head>
  <title>
</title>
<meta http-equiv="Content-Type" content="text/html;charset=utf-8" />
  <meta name='ocr-system' content='tesseract 3.04.00' />
  <meta name='ocr-capabilities' content='ocr_page ocr_carea ocr_par ocr_line ocrx_word'/>
</head>
<body>
  <div class='ocr_page' id='page_1' title='image "./deprotectoribus00jullgoog_0082.png"; bbox 0 0 3488 5421; ppageno 0'>
   <div class='ocr_carea' id='block_1_1' title="bbox 1772 611 2092 674">
    <p class='ocr_par' dir='ltr' id='par_1_1' title="bbox 1772 611 2092 674">
     <span class='ocr_line' id='line_1_1' title="bbox 1772 611 2092 674; baseline -0.006 -15"><span class='ocrx_word' id='word_1_1' title='bbox 1772 611 2092 674; x_wconf 69' lang='lat'>...68-</span> 
     </span>
    </p>
   </div>
   <div class='ocr_carea' id='block_1_2' title="bbox 859 729 3008 3709">
    <p class='ocr_par' dir='ltr' id='par_1_2' title="bbox 859 729 3004 1586">
     <span class='ocr_line' id='line_1_2' title="bbox 965 729 2999 839; baseline 0 -19"><span class='ocrx_word' id='word_1_2' title='bbox 965 750 1065 820; x_wconf 85' lang='lat' dir='ltr'>De</span> <span class='ocrx_word' id='word_1_3' title='bbox 1118 744 1502 839; x_wconf 90' lang='lat' dir='ltr'>stipendiis</span> <span class='ocrx_word' id='word_1_4' title='bbox 1551 758 1716 837; x_wconf 80' lang='lat' dir='ltr'>quae</span> <span class='ocrx_word' id='word_1_5' title='bbox 1755 729 2241 830; x_wconf 87' lang='lat' dir='ltr'>merebantur,</span> <span class='ocrx_word' id='word_1_6' title='bbox 2285 746 2403 818; x_wconf 84' lang='lat' dir='ltr'>vix</span> <span class='ocrx_word' id='word_1_7' title='bbox 2441 746 2841 820; x_wconf 89' lang='lat' dir='ltr'>credendus</span> <span class='ocrx_word' id='word_1_8' title='bbox 2888 754 2999 820; x_wconf 87' lang='lat' dir='ltr'>est</span> 
     </span>
     <span class='ocr_line' id='line_1_3' title="bbox 868 860 3004 967; baseline 0 -22"><span class='ocrx_word' id='word_1_9' title='bbox 868 860 1282 964; x_wconf 89' lang='lat' dir='ltr'>Procopius.</span> <span class='ocrx_word' id='word_1_10' title='bbox 1324 870 1400 943; x_wconf 91' lang='lat' dir='ltr'>Si</span> <span class='ocrx_word' id='word_1_11' title='bbox 1429 870 1624 962; x_wconf 80' lang='lat' dir='ltr'>quiS,</span> <span class='ocrx_word' id='word_1_12' title='bbox 1657 870 1785 956; x_wconf 89' lang='lat' dir='ltr'>ait,</span> <span class='ocrx_word' id='word_1_13' title='bbox 1820 869 1911 944; x_wconf 88' lang='lat' dir='ltr'>ad</span> <span class='ocrx_word' id='word_1_14' title='bbox 1941 871 2223 944; x_wconf 89' lang='lat' dir='ltr'>culmen</span> <span class='ocrx_word' id='word_1_15' title='bbox 2259 871 2720 956; x_wconf 77' lang='lat' dir='ltr'>suae&#39;militiae</span> <span class='ocrx_word' id='word_1_16' title='bbox 2758 869 2858 967; x_wconf 94' lang='lat' dir='ltr'>(id</span> <span class='ocrx_word' id='word_1_17' title='bbox 2894 880 3004 946; x_wconf 90' lang='lat' dir='ltr'>est</span> 
     </span>
     <span class='ocr_line' id='line_1_4' title="bbox 860 990 3000 1090; baseline 0.001 -22"><span class='ocrx_word' id='word_1_18' title='bbox 860 995 953 1069; x_wconf 88' lang='lat' dir='ltr'>ad</span> <span class='ocrx_word' id='word_1_19' title='bbox 990 990 1613 1090; x_wconf 83' lang='lat' dir='ltr'>primiceriatum),</span> <span class='ocrx_word' id='word_1_20' title='bbox 1655 994 2007 1086; x_wconf 87' lang='lat' dir='ltr'>pervenit,</span> <span class='ocrx_word' id='word_1_21' title='bbox 2043 993 2286 1068; x_wconf 90' lang='lat' dir='ltr'>decem</span> <span class='ocrx_word' id='word_1_22' title='bbox 2328 994 2556 1068; x_wconf 83' lang='lat' dir='ltr'>millia</span> <span class='ocrx_word' id='word_1_23' title='bbox 2594 995 2850 1069; x_wconf 83' lang='lat' dir='ltr'>aureos</span> <span class='ocrx_word' id='word_1_24' title='bbox 2887 1016 3000 1070; x_wconf 83' lang='lat' dir='ltr'>ac-</span> 
     </span>
     <span class='ocr_line' id='line_1_5' title="bbox 859 1102 2990 1214; baseline 0 -21"><span class='ocrx_word' id='word_1_25' title='bbox 859 1102 1049 1212; x_wconf 84' lang='lat' dir='ltr'>cipit</span> <span class='ocrx_word' id='word_1_26' title='bbox 1075 1117 1205 1214; x_wconf 85' lang='lat'>(1).</span> <span class='ocrx_word' id='word_1_27' title='bbox 1249 1119 1467 1193; x_wconf 84' lang='lat' dir='ltr'>Addit</span> <span class='ocrx_word' id='word_1_28' title='bbox 1517 1146 1549 1185; x_wconf 88' lang='lat'>‹</span> <span class='ocrx_word' id='word_1_29' title='bbox 1585 1125 1921 1211; x_wconf 89' lang='lat' dir='ltr'>parentes</span> <span class='ocrx_word' id='word_1_30' title='bbox 1965 1126 2035 1193; x_wconf 92' lang='lat' dir='ltr'>et</span> <span class='ocrx_word' id='word_1_31' title='bbox 2072 1120 2341 1193; x_wconf 91' lang='lat' dir='ltr'>liberos</span> <span class='ocrx_word' id='word_1_32' title='bbox 2380 1120 2790 1194; x_wconf 90' lang='lat' dir='ltr'>sustinendi</span> <span class='ocrx_word' id='word_1_33' title='bbox 2830 1140 2990 1214; x_wconf 83' lang='lat' dir='ltr'>gra-</span> 
     </span>
     <span class='ocr_line' id='line_1_6' title="bbox 863 1241 2997 1335; baseline 0.001 -21"><span class='ocrx_word' id='word_1_34' title='bbox 863 1242 962 1315; x_wconf 84' lang='lat' dir='ltr'>tia</span> <span class='ocrx_word' id='word_1_35' title='bbox 996 1266 1031 1306; x_wconf 61' lang='grc' dir='ltr'><strong><em>ἰ</em></strong></span> <span class='ocrx_word' id='word_1_36' title='bbox 1088 1267 1106 1314; x_wconf 86' lang='lat'><strong>:</strong></span> <span class='ocrx_word' id='word_1_37' title='bbox 1149 1260 1295 1334; x_wconf 87' lang='lat' dir='ltr'>quo</span> <span class='ocrx_word' id='word_1_38' title='bbox 1335 1241 1417 1317; x_wconf 84' lang='lat' dir='ltr'>fit</span> <span class='ocrx_word' id='word_1_39' title='bbox 1461 1249 1539 1315; x_wconf 91' lang='lat' dir='ltr'>ut</span> <span class='ocrx_word' id='word_1_40' title='bbox 1575 1242 1966 1335; x_wconf 79' lang='lat' dir='ltr'>primicerii</span> <span class='ocrx_word' id='word_1_41' title='bbox 2005 1242 2450 1335; x_wconf 77' lang='lat' dir='ltr'>stipendium</span> <span class='ocrx_word' id='word_1_42' title='bbox 2492 1243 2743 1317; x_wconf 90' lang='lat' dir='ltr'>eodem</span> <span class='ocrx_word' id='word_1_43' title='bbox 2783 1244 2997 1317; x_wconf 89' lang='lat' dir='ltr'>modo</span> 
     </span>
     <span class='ocr_line' id='line_1_7' title="bbox 861 1365 2991 1458; baseline 0.001 -19"><span class='ocrx_word' id='word_1_44' title='bbox 861 1385 943 1440; x_wconf 83' lang='lat' dir='ltr'>ac</span> <span class='ocrx_word' id='word_1_45' title='bbox 979 1372 1396 1441; x_wconf 80' lang='lat' dir='ltr'>caeterorum</span> <span class='ocrx_word' id='word_1_46' title='bbox 1434 1372 1914 1458; x_wconf 87' lang='lat' dir='ltr'>protectorum</span> <span class='ocrx_word' id='word_1_47' title='bbox 1976 1365 2365 1441; x_wconf 82' lang='lat' dir='ltr'>heredibus</span> <span class='ocrx_word' id='word_1_48' title='bbox 2421 1368 2574 1440; x_wconf 91' lang='lat' dir='ltr'>suis</span> <span class='ocrx_word' id='word_1_49' title='bbox 2621 1368 2991 1442; x_wconf 86' lang='lat' dir='ltr'>transmit-</span> 
     </span>
     <span class='ocr_line' id='line_1_8' title="bbox 862 1490 2408 1586; baseline 0.005 -21"><span class='ocrx_word' id='word_1_50' title='bbox 862 1497 1053 1566; x_wconf 80' lang='lat' dir='ltr'>tatur</span> <span class='ocrx_word' id='word_1_51' title='bbox 1098 1490 1229 1586; x_wconf 75' lang='lat'><strong>(2).</strong></span> <span class='ocrx_word' id='word_1_52' title='bbox 2401 1562 2408 1573; x_wconf 93' lang='lat'><strong>.</strong></span> 
     </span>
    </p>

    <p class='ocr_par' dir='ltr' id='par_1_3' title="bbox 862 1613 3008 2707">
     <span class='ocr_line' id='line_1_9' title="bbox 959 1613 2994 1711; baseline 0 -22"><span class='ocrx_word' id='word_1_53' title='bbox 959 1613 1263 1692; x_wconf 83' lang='lat' dir='ltr'>Tantum</span> <span class='ocrx_word' id='word_1_54' title='bbox 1302 1617 1516 1711; x_wconf 84' lang='lat' dir='ltr'>igitur</span> <span class='ocrx_word' id='word_1_55' title='bbox 1553 1618 1929 1703; x_wconf 87' lang='lat' dir='ltr'>honorem,</span> <span class='ocrx_word' id='word_1_56' title='bbox 1964 1626 2068 1692; x_wconf 91' lang='lat' dir='ltr'>tot</span> <span class='ocrx_word' id='word_1_57' title='bbox 2107 1618 2481 1693; x_wconf 86' lang='lat' dir='ltr'>commoda</span> <span class='ocrx_word' id='word_1_58' title='bbox 2514 1617 2588 1689; x_wconf 92' lang='lat' dir='ltr'>in</span> <span class='ocrx_word' id='word_1_59' title='bbox 2629 1637 2707 1692; x_wconf 91' lang='lat' dir='ltr'>se</span> <span class='ocrx_word' id='word_1_60' title='bbox 2745 1618 2994 1710; x_wconf 90' lang='lat' dir='ltr'>primi-</span> 
     </span>
     <span class='ocr_line' id='line_1_10' title="bbox 862 1742 3008 1835; baseline -0.001 -16"><span class='ocrx_word' id='word_1_61' title='bbox 862 1743 1168 1819; x_wconf 83' lang='lat' dir='ltr'>ceriatus</span> <span class='ocrx_word' id='word_1_62' title='bbox 1233 1750 1708 1835; x_wconf 88' lang='lat' dir='ltr'>protectorum</span> <span class='ocrx_word' id='word_1_63' title='bbox 1803 1742 2215 1817; x_wconf 77' lang='lat' dir='ltr'>cumulabat</span> <span class='ocrx_word' id='word_1_64' title='bbox 2248 1799 2267 1826; x_wconf 93' lang='lat'>,</span> <span class='ocrx_word' id='word_1_65' title='bbox 2343 1750 2467 1827; x_wconf 86' lang='lat' dir='ltr'>ut,</span> <span class='ocrx_word' id='word_1_66' title='bbox 2556 1742 3008 1817; x_wconf 81' lang='lat' dir='ltr'>Theodorico‘</span> 
     </span>
     <span class='ocr_line' id='line_1_11' title="bbox 864 1866 2995 1960; baseline -0 -20"><span class='ocrx_word' id='word_1_67' title='bbox 864 1875 1239 1960; x_wconf 83' lang='lat' dir='ltr'>regnante,</span> <span class='ocrx_word' id='word_1_68' title='bbox 1294 1868 1506 1940; x_wconf 86' lang='lat' dir='ltr'>etiam</span> <span class='ocrx_word' id='word_1_69' title='bbox 1562 1866 1713 1939; x_wconf 85' lang='lat' dir='ltr'>viro</span> <span class='ocrx_word' id='word_1_70' title='bbox 1760 1866 2043 1940; x_wconf 90' lang='lat' dir='ltr'>cuidam</span> <span class='ocrx_word' id='word_1_71' title='bbox 2092 1868 2356 1940; x_wconf 86' lang='lat' dir='ltr'>illustri</span> <span class='ocrx_word' id='word_1_72' title='bbox 2401 1874 2471 1941; x_wconf 90' lang='lat' dir='ltr'>et</span> <span class='ocrx_word' id='word_1_73' title='bbox 2523 1866 2821 1959; x_wconf 87' lang='lat' dir='ltr'>patricio</span> <span class='ocrx_word' id='word_1_74' title='bbox 2845 1922 2864 1952; x_wconf 93' lang='lat'>,</span> <span class='ocrx_word' id='word_1_75' title='bbox 2908 1885 2995 1941; x_wconf 85' lang='lat' dir='ltr'>ex</span> 
     </span>
     <span class='ocr_line' id='line_1_12' title="bbox 864 1972 2995 2083; baseline 0 -19"><span class='ocrx_word' id='word_1_76' title='bbox 864 1992 1363 2065; x_wconf 85' lang='lat' dir='ltr'>consularibus</span> <span class='ocrx_word' id='word_1_77' title='bbox 1392 2046 1409 2075; x_wconf 94' lang='lat'>,</span> <span class='ocrx_word' id='word_1_78' title='bbox 1455 1991 1979 2083; x_wconf 77' lang='lat' dir='ltr'>primiceriatus</span> <span class='ocrx_word' id='word_1_79' title='bbox 2031 1991 2344 2074; x_wconf 88' lang='lat' dir='ltr'>daretur,</span> <span class='ocrx_word' id='word_1_80' title='bbox 2391 2010 2671 2066; x_wconf 91' lang='lat' dir='ltr'>necnon</span> <span class='ocrx_word' id='word_1_81' title='bbox 2711 1972 2995 2065; x_wconf 77' lang='lat' dir='ltr'>Cassio-</span> 
     </span>
     <span class='ocr_line' id='line_1_13' title="bbox 865 2115 2994 2211; baseline 0 -22"><span class='ocrx_word' id='word_1_82' title='bbox 865 2116 1087 2190; x_wconf 84' lang='lat' dir='ltr'>dorus</span> <span class='ocrx_word' id='word_1_83' title='bbox 1138 2116 1420 2190; x_wconf 87' lang='lat' dir='ltr'>senatui</span> <span class='ocrx_word' id='word_1_84' title='bbox 1457 2118 1933 2208; x_wconf 81' lang='lat' dir='ltr'>gratularetur</span> <span class='ocrx_word' id='word_1_85' title='bbox 1972 2117 2167 2209; x_wconf 84' lang='lat' dir='ltr'>quod</span> <span class='ocrx_word' id='word_1_86' title='bbox 2205 2135 2397 2190; x_wconf 90' lang='lat' dir='ltr'>unus</span> <span class='ocrx_word' id='word_1_87' title='bbox 2433 2136 2522 2191; x_wconf 83' lang='lat' dir='ltr'>ex</span> <span class='ocrx_word' id='word_1_88' title='bbox 2551 2115 2813 2211; x_wconf 78' lang='lat' dir='ltr'>ordine</span> <span class='ocrx_word' id='word_1_89' title='bbox 2850 2124 2994 2190; x_wconf 86' lang='lat' dir='ltr'>tam</span> 
     </span>
     <span class='ocr_line' id='line_1_14' title="bbox 867 2238 2993 2335; baseline 0 -23"><span class='ocrx_word' id='word_1_90' title='bbox 867 2242 1255 2332; x_wconf 87' lang='lat' dir='ltr'>optabilem</span> <span class='ocrx_word' id='word_1_91' title='bbox 1307 2240 1725 2334; x_wconf 84' lang='lat' dir='ltr'>dignitatem</span> <span class='ocrx_word' id='word_1_92' title='bbox 1787 2239 2177 2333; x_wconf 88' lang='lat' dir='ltr'>accepisset</span> <span class='ocrx_word' id='word_1_93' title='bbox 2251 2238 2380 2335; x_wconf 79' lang='grc'>(5).</span> <span class='ocrx_word' id='word_1_94' title='bbox 2441 2240 2646 2328; x_wconf 86' lang='lat' dir='ltr'>Quod</span> <span class='ocrx_word' id='word_1_95' title='bbox 2702 2240 2993 2333; x_wconf 86' lang='lat' dir='ltr'>quidem</span> 
     </span>
     <span class='ocr_line' id='line_1_15' title="bbox 867 2364 3003 2459; baseline 0.001 -22"><span class='ocrx_word' id='word_1_96' title='bbox 867 2366 986 2438; x_wconf 83' lang='lat' dir='ltr'>vix</span> <span class='ocrx_word' id='word_1_97' title='bbox 1049 2366 1390 2440; x_wconf 82' lang='lat' dir='ltr'>credibile</span> <span class='ocrx_word' id='word_1_98' title='bbox 1464 2365 1791 2439; x_wconf 85' lang='lat' dir='ltr'>videatur</span> <span class='ocrx_word' id='word_1_99' title='bbox 1815 2420 1834 2450; x_wconf 94' lang='lat'>,</span> <span class='ocrx_word' id='word_1_100' title='bbox 1917 2367 1994 2438; x_wconf 92' lang='lat' dir='ltr'>ni</span> <span class='ocrx_word' id='word_1_101' title='bbox 2068 2364 2610 2439; x_wconf 89' lang='lat' dir='ltr'>meminerimus</span> <span class='ocrx_word' id='word_1_102' title='bbox 2684 2372 3003 2459; x_wconf 90' lang='lat' dir='ltr'>tempore</span> 
     </span>
     <span class='ocr_line' id='line_1_16' title="bbox 869 2467 2998 2582; baseline 0.001 -20"><span class='ocrx_word' id='word_1_103' title='bbox 869 2481 1286 2564; x_wconf 66' lang='lat' dir='ltr'>Theodo‘rici</span> <span class='ocrx_word' id='word_1_104' title='bbox 1325 2491 1674 2582; x_wconf 89' lang='lat' dir='ltr'>pristinos</span> <span class='ocrx_word' id='word_1_105' title='bbox 1713 2490 2051 2563; x_wconf 84' lang='lat' dir='ltr'>militaris</span> <span class='ocrx_word' id='word_1_106' title='bbox 2104 2489 2509 2582; x_wconf 80' lang='lat' dir='ltr'>disciplinae</span> <span class='ocrx_word' id='word_1_107' title='bbox 2559 2467 2801 2565; x_wconf 84' lang='lat' dir='ltr'>mores</span> <span class='ocrx_word' id='word_1_108' title='bbox 2848 2510 2998 2565; x_wconf 90' lang='lat' dir='ltr'>om·</span> 
     </span>
     <span class='ocr_line' id='line_1_17' title="bbox 868 2614 2306 2707; baseline -0.001 -20"><span class='ocrx_word' id='word_1_109' title='bbox 868 2615 1044 2688; x_wconf 93' lang='lat' dir='ltr'>nino</span> <span class='ocrx_word' id='word_1_110' title='bbox 1083 2616 1497 2688; x_wconf 84' lang='lat' dir='ltr'>immutatos</span> <span class='ocrx_word' id='word_1_111' title='bbox 1535 2622 1605 2688; x_wconf 85' lang='lat' dir='ltr'>et</span> <span class='ocrx_word' id='word_1_112' title='bbox 1642 2621 2015 2707; x_wconf 90' lang='lat' dir='ltr'>corruptos</span> <span class='ocrx_word' id='word_1_113' title='bbox 2057 2614 2306 2689; x_wconf 80' lang='lat' dir='ltr'>fuisse.</span> 
     </span>
    </p>

    <p class='ocr_par' dir='ltr' id='par_1_4' title="bbox 868 2740 3002 3709">
     <span class='ocr_line' id='line_1_18' title="bbox 968 2740 2999 2834; baseline 0.001 -21"><span class='ocrx_word' id='word_1_114' title='bbox 968 2741 1149 2814; x_wconf 87' lang='lat' dir='ltr'>Cave</span> <span class='ocrx_word' id='word_1_115' title='bbox 1178 2761 1270 2814; x_wconf 92' lang='lat' dir='ltr'>ne</span> <span class='ocrx_word' id='word_1_116' title='bbox 1298 2741 1742 2833; x_wconf 90' lang='lat' dir='ltr'>primicerios</span> <span class='ocrx_word' id='word_1_117' title='bbox 1773 2740 2439 2833; x_wconf 86' lang='lat' dir='ltr'>decemprimosque</span> <span class='ocrx_word' id='word_1_118' title='bbox 2477 2741 2999 2834; x_wconf 83' lang='lat' dir='ltr'>protectoribus</span> 
     </span>
     <span class='ocr_line' id='line_1_19' title="bbox 871 2866 2994 2959; baseline 0.001 -21"><span class='ocrx_word' id='word_1_119' title='bbox 871 2872 951 2938; x_wconf 90' lang='lat' dir='ltr'>ut</span> <span class='ocrx_word' id='word_1_120' title='bbox 1012 2868 1435 2959; x_wconf 83' lang='lat' dir='ltr'>praepositos</span> <span class='ocrx_word' id='word_1_121' title='bbox 1463 2921 1480 2949; x_wconf 93' lang='lat'>,</span> <span class='ocrx_word' id='word_1_122' title='bbox 1541 2866 1759 2940; x_wconf 88' lang='lat' dir='ltr'>duces</span> <span class='ocrx_word' id='word_1_123' title='bbox 1790 2921 1809 2951; x_wconf 95' lang='lat'><strong><em>‚</em></strong></span> <span class='ocrx_word' id='word_1_124' title='bbox 1870 2866 2285 2942; x_wconf 86' lang='lat' dir='ltr'>tribunosve</span> <span class='ocrx_word' id='word_1_125' title='bbox 2341 2885 2661 2959; x_wconf 78' lang='lat' dir='ltr'>praeesse</span> <span class='ocrx_word' id='word_1_126' title='bbox 2719 2867 2994 2941; x_wconf 87' lang='lat' dir='ltr'>credas.</span> 
     </span>
     <span class='ocr_line' id='line_1_20' title="bbox 868 2990 2995 3083; baseline 0 -20"><span class='ocrx_word' id='word_1_127' title='bbox 868 2990 1026 3063; x_wconf 93' lang='lat' dir='ltr'>Non</span> <span class='ocrx_word' id='word_1_128' title='bbox 1064 2997 1541 3083; x_wconf 90' lang='lat' dir='ltr'>protectorum</span> <span class='ocrx_word' id='word_1_129' title='bbox 1580 2992 1830 3063; x_wconf 91' lang='lat' dir='ltr'>manui</span> <span class='ocrx_word' id='word_1_130' title='bbox 1869 2990 2222 3083; x_wconf 82' lang='lat' dir='ltr'>praefecti,</span> <span class='ocrx_word' id='word_1_131' title='bbox 2268 2990 2396 3064; x_wconf 90' lang='lat' dir='ltr'>sed</span> <span class='ocrx_word' id='word_1_132' title='bbox 2430 2991 2837 3083; x_wconf 87' lang='lat' dir='ltr'>protectorii</span> <span class='ocrx_word' id='word_1_133' title='bbox 2877 3011 2995 3065; x_wconf 90' lang='lat' dir='ltr'>or-</span> 
     </span>
     <span class='ocr_line' id='line_1_21' title="bbox 870 3115 3001 3211; baseline 0 -23"><span class='ocrx_word' id='word_1_134' title='bbox 870 3116 1065 3197; x_wconf 83' lang='lat' dir='ltr'>dinis</span> <span class='ocrx_word' id='word_1_135' title='bbox 1102 3117 1471 3208; x_wconf 88' lang='lat' dir='ltr'>primates,</span> <span class='ocrx_word' id='word_1_136' title='bbox 1506 3115 1900 3208; x_wconf 89' lang='lat' dir='ltr'>primores,</span> <span class='ocrx_word' id='word_1_137' title='bbox 1941 3133 2269 3208; x_wconf 90' lang='lat' dir='ltr'>proceres</span> <span class='ocrx_word' id='word_1_138' title='bbox 2309 3124 2513 3190; x_wconf 86' lang='lat' dir='ltr'>erant</span> <span class='ocrx_word' id='word_1_139' title='bbox 2557 3115 2688 3211; x_wconf 75' lang='grc'>(4).</span> <span class='ocrx_word' id='word_1_140' title='bbox 2731 3117 2833 3189; x_wconf 90' lang='lat' dir='ltr'>De</span> <span class='ocrx_word' id='word_1_141' title='bbox 2879 3115 3001 3189; x_wconf 90' lang='lat' dir='ltr'>de·</span> 
     </span>
     <span class='ocr_line' id='line_1_22' title="bbox 871 3239 2995 3334; baseline -0.001 -19"><span class='ocrx_word' id='word_1_142' title='bbox 871 3242 1279 3334; x_wconf 90' lang='lat' dir='ltr'>cemprimis</span> <span class='ocrx_word' id='word_1_143' title='bbox 1306 3248 1815 3334; x_wconf 88' lang='lat' dir='ltr'>protectorum,</span> <span class='ocrx_word' id='word_1_144' title='bbox 1845 3247 1927 3314; x_wconf 90' lang='lat' dir='ltr'>ut</span> <span class='ocrx_word' id='word_1_145' title='bbox 1950 3240 2040 3314; x_wconf 89' lang='lat' dir='ltr'>de</span> <span class='ocrx_word' id='word_1_146' title='bbox 2065 3239 2567 3332; x_wconf 90' lang='lat' dir='ltr'>decemprimis</span> <span class='ocrx_word' id='word_1_147' title='bbox 2588 3240 2995 3325; x_wconf 86' lang='lat' dir='ltr'>curialium,</span> 
     </span>
     <span class='ocr_line' id='line_1_23' title="bbox 872 3364 2995 3458; baseline -0.001 -20"><span class='ocrx_word' id='word_1_148' title='bbox 872 3365 1315 3458; x_wconf 87' lang='lat' dir='ltr'>loquendum</span> <span class='ocrx_word' id='word_1_149' title='bbox 1344 3373 1486 3450; x_wconf 89' lang='lat' dir='ltr'>est;</span> <span class='ocrx_word' id='word_1_150' title='bbox 1520 3365 1610 3439; x_wconf 90' lang='lat' dir='ltr'>de</span> <span class='ocrx_word' id='word_1_151' title='bbox 1638 3366 2043 3458; x_wconf 92' lang='lat' dir='ltr'>primicerio</span> <span class='ocrx_word' id='word_1_152' title='bbox 2062 3420 2080 3449; x_wconf 93' lang='lat'>,</span> <span class='ocrx_word' id='word_1_153' title='bbox 2111 3373 2190 3437; x_wconf 88' lang='lat' dir='ltr'>ut</span> <span class='ocrx_word' id='word_1_154' title='bbox 2215 3365 2307 3438; x_wconf 92' lang='lat' dir='ltr'>de</span> <span class='ocrx_word' id='word_1_155' title='bbox 2330 3364 2653 3457; x_wconf 91' lang='lat' dir='ltr'>principe</span> <span class='ocrx_word' id='word_1_156' title='bbox 2674 3372 2995 3438; x_wconf 81' lang='lat' dir='ltr'>senatus,</span> 
     </span>
     <span class='ocr_line' id='line_1_24' title="bbox 871 3489 3002 3583; baseline -0.001 -20"><span class='ocrx_word' id='word_1_157' title='bbox 871 3491 1249 3565; x_wconf 86' lang='lat' dir='ltr'>Jovianum</span> <span class='ocrx_word' id='word_1_158' title='bbox 1285 3491 1725 3564; x_wconf 69' lang='lat' dir='ltr'>Ammianus</span> <span class='ocrx_word' id='word_1_159' title='bbox 1764 3492 2078 3583; x_wconf 87' lang='lat' dir='ltr'>appellat</span> <span class='ocrx_word' id='word_1_160' title='bbox 2125 3489 2338 3565; x_wconf 89' lang='lat' dir='ltr'>modo</span> <span class='ocrx_word' id='word_1_161' title='bbox 2385 3490 2804 3582; x_wconf 87' lang='lat' dir='ltr'>simpliciter</span> <span class='ocrx_word' id='word_1_162' title='bbox 2840 3507 3002 3582; x_wconf 91' lang='lat' dir='ltr'>pro-</span> 
     </span>
     <span class='ocr_line' id='line_1_25' title="bbox 871 3611 2947 3709; baseline -0.001 -19"><span class='ocrx_word' id='word_1_163' title='bbox 871 3622 1245 3700; x_wconf 90' lang='lat' dir='ltr'>tectorem,</span> <span class='ocrx_word' id='word_1_164' title='bbox 1290 3614 1502 3689; x_wconf 90' lang='lat' dir='ltr'>modo</span> <span class='ocrx_word' id='word_1_165' title='bbox 1543 3614 2099 3698; x_wconf 82' lang='lat' dir='ltr'>domesticorum</span> <span class='ocrx_word' id='word_1_166' title='bbox 2136 3614 2417 3689; x_wconf 88' lang='lat' dir='ltr'>ordinis</span> <span class='ocrx_word' id='word_1_167' title='bbox 2453 3615 2767 3707; x_wconf 89' lang='lat' dir='ltr'>primum</span> <span class='ocrx_word' id='word_1_168' title='bbox 2816 3611 2947 3709; x_wconf 80' lang='lat'><strong>(5).</strong></span> 
     </span>
    </p>
   </div>
   <div class='ocr_carea' id='block_1_3' title="bbox 872 3839 3011 4447">
    <p class='ocr_par' dir='ltr' id='par_1_5' title="bbox 872 3839 3011 3998">
     <span class='ocr_line' id='line_1_26' title="bbox 933 3839 3011 3911; baseline -0.002 -15"><span class='ocrx_word' id='word_1_169' title='bbox 933 3845 1002 3909; x_wconf 88' lang='grc'>(1)</span> <span class='ocrx_word' id='word_1_170' title='bbox 1027 3845 1289 3906; x_wconf 75' lang='lat' dir='ltr'>Anecdota,</span> <span class='ocrx_word' id='word_1_171' title='bbox 1312 3843 1393 3906; x_wconf 76' lang='lat'>24,</span> <span class='ocrx_word' id='word_1_172' title='bbox 1423 3843 1522 3906; x_wconf 87' lang='lat'>111,</span> <span class='ocrx_word' id='word_1_173' title='bbox 1552 3858 1605 3908; x_wconf 86' lang='lat' dir='ltr'>p.</span> <span class='ocrx_word' id='word_1_174' title='bbox 1639 3842 1726 3894; x_wconf 86' lang='lat'>138</span> <span class='ocrx_word' id='word_1_175' title='bbox 1755 3864 1769 3893; x_wconf 76' lang='lat' dir='ltr'>z</span> <span class='ocrx_word' id='word_1_176' title='bbox 1805 3843 1888 3902; x_wconf 84' lang='grc' dir='ltr'>Ἐς</span> <span class='ocrx_word' id='word_1_177' title='bbox 1909 3844 2088 3895; x_wconf 69' lang='grc' dir='ltr'><strong>ἑκατὸν</strong></span> <span class='ocrx_word' id='word_1_178' title='bbox 2115 3849 2305 3911; x_wconf 77' lang='grc' dir='ltr'><strong>χρυσοῦ</strong></span> <span class='ocrx_word' id='word_1_179' title='bbox 2327 3844 2641 3909; x_wconf 78' lang='grc' dir='ltr'>κεντηνάρια.</span> <span class='ocrx_word' id='word_1_180' title='bbox 2670 3839 2895 3895; x_wconf 78' lang='lat' dir='ltr'>Gireiter</span> <span class='ocrx_word' id='word_1_181' title='bbox 2923 3845 3011 3893; x_wconf 76' lang='lat' dir='ltr'>ter</span> 
     </span>
     <span class='ocr_line' id='line_1_27' title="bbox 872 3932 2436 3998; baseline -0.001 -13"><span class='ocrx_word' id='word_1_182' title='bbox 872 3936 1071 3997; x_wconf 75' lang='lat' dir='ltr'>majora</span> <span class='ocrx_word' id='word_1_183' title='bbox 1097 3948 1254 3998; x_wconf 77' lang='lat' dir='ltr'>quam</span> <span class='ocrx_word' id='word_1_184' title='bbox 1275 3933 1547 3985; x_wconf 75' lang='lat' dir='ltr'>ducenarii</span> <span class='ocrx_word' id='word_1_185' title='bbox 1567 3932 1831 3998; x_wconf 76' lang='lat' dir='ltr'>stipendia</span> <span class='ocrx_word' id='word_1_186' title='bbox 1857 3932 2053 3997; x_wconf 76' lang='lat' dir='ltr'>accipit</span> <span class='ocrx_word' id='word_1_187' title='bbox 2079 3932 2436 3997; x_wconf 83' lang='lat' dir='ltr'>primicerius.</span> 
     </span>
    </p>

    <p class='ocr_par' dir='ltr' id='par_1_6' title="bbox 958 4020 1978 4088">
     <span class='ocr_line' id='line_1_28' title="bbox 958 4020 1978 4088; baseline -0.003 -13"><span class='ocrx_word' id='word_1_188' title='bbox 958 4023 1011 4088; x_wconf 60' lang='grc' dir='ltr'>ἲ)</span> <span class='ocrx_word' id='word_1_189' title='bbox 1036 4024 1086 4075; x_wconf 88' lang='lat' dir='ltr'>G.</span> <span class='ocrx_word' id='word_1_190' title='bbox 1119 4025 1205 4082; x_wconf 73' lang='lat' dir='ltr'>th..</span> <span class='ocrx_word' id='word_1_191' title='bbox 1235 4022 1284 4080; x_wconf 82' lang='lat'>6.</span> <span class='ocrx_word' id='word_1_192' title='bbox 1313 4023 1393 4083; x_wconf 76' lang='lat'>24,</span> <span class='ocrx_word' id='word_1_193' title='bbox 1427 4023 1508 4081; x_wconf 82' lang='lat'>11;</span> <span class='ocrx_word' id='word_1_194' title='bbox 1539 4023 1612 4073; x_wconf 75' lang='lat' dir='ltr'>ct.</span> <span class='ocrx_word' id='word_1_195' title='bbox 1643 4036 1695 4086; x_wconf 86' lang='lat' dir='ltr'>p.</span> <span class='ocrx_word' id='word_1_196' title='bbox 1727 4020 1807 4085; x_wconf 68' lang='lat'>46,</span> <span class='ocrx_word' id='word_1_197' title='bbox 1844 4035 1900 4071; x_wconf 87' lang='lat' dir='ltr'>n.</span> <span class='ocrx_word' id='word_1_198' title='bbox 1930 4020 1978 4072; x_wconf 74' lang='lat'>4.</span> 
     </span>
    </p>

    <p class='ocr_par' dir='ltr' id='par_1_7' title="bbox 960 4110 1579 4177">
     <span class='ocr_line' id='line_1_29' title="bbox 960 4110 1579 4177; baseline -0.003 -13"><span class='ocrx_word' id='word_1_199' title='bbox 960 4113 1009 4177; x_wconf 81' lang='lat'>3)</span> <span class='ocrx_word' id='word_1_200' title='bbox 1040 4115 1220 4173; x_wconf 75' lang='lat' dir='ltr'>Variae.</span> <span class='ocrx_word' id='word_1_201' title='bbox 1249 4112 1310 4175; x_wconf 76' lang='lat'>2,</span> <span class='ocrx_word' id='word_1_202' title='bbox 1339 4113 1394 4165; x_wconf 88' lang='grc'>15</span> <span class='ocrx_word' id='word_1_203' title='bbox 1421 4117 1476 4163; x_wconf 88' lang='lat' dir='ltr'>et</span> <span class='ocrx_word' id='word_1_204' title='bbox 1505 4110 1579 4162; x_wconf 85' lang='lat'>16.</span> 
     </span>
    </p>

    <p class='ocr_par' dir='ltr' id='par_1_8' title="bbox 872 4196 3008 4357">
     <span class='ocr_line' id='line_1_30' title="bbox 940 4196 3008 4268; baseline -0.002 -14"><span class='ocrx_word' id='word_1_205' title='bbox 940 4204 1009 4268; x_wconf 80' lang='lat'>(4)</span> <span class='ocrx_word' id='word_1_206' title='bbox 1030 4203 1080 4255; x_wconf 82' lang='lat' dir='ltr'>c.</span> <span class='ocrx_word' id='word_1_207' title='bbox 1110 4204 1197 4266; x_wconf 67' lang='lat' dir='ltr'>th„</span> <span class='ocrx_word' id='word_1_208' title='bbox 1219 4202 1267 4265; x_wconf 83' lang='lat'>6,</span> <span class='ocrx_word' id='word_1_209' title='bbox 1302 4201 1381 4264; x_wconf 78' lang='lat'>24,</span> <span class='ocrx_word' id='word_1_210' title='bbox 1409 4201 1438 4252; x_wconf 83' lang='grc'><strong>3</strong></span> <span class='ocrx_word' id='word_1_211' title='bbox 1460 4205 1516 4252; x_wconf 80' lang='lat' dir='ltr'>et</span> <span class='ocrx_word' id='word_1_212' title='bbox 1535 4200 1584 4251; x_wconf 90' lang='grc'>7.</span> <span class='ocrx_word' id='word_1_213' title='bbox 1609 4197 1691 4252; x_wconf 76' lang='lat' dir='ltr'>Gt.</span> <span class='ocrx_word' id='word_1_214' title='bbox 1722 4199 2044 4265; x_wconf 76' lang='lat' dir='ltr'>principales</span> <span class='ocrx_word' id='word_1_215' title='bbox 2065 4199 2122 4249; x_wconf 90' lang='lat' dir='ltr'>in</span> <span class='ocrx_word' id='word_1_216' title='bbox 2146 4200 2371 4264; x_wconf 82' lang='lat' dir='ltr'>collegio</span> <span class='ocrx_word' id='word_1_217' title='bbox 2394 4198 2647 4263; x_wconf 76' lang='lat' dir='ltr'>quodam,</span> <span class='ocrx_word' id='word_1_218' title='bbox 2674 4196 3008 4262; x_wconf 75' lang='lat' dir='ltr'>Wilmanus,</span> 
     </span>
     <span class='ocr_line' id='line_1_31' title="bbox 872 4286 2339 4357; baseline -0.003 -15"><span class='ocrx_word' id='word_1_219' title='bbox 872 4292 1033 4355; x_wconf 75' lang='lat'>24313</span> <span class='ocrx_word' id='word_1_220' title='bbox 1058 4293 1125 4344; x_wconf 89' lang='lat' dir='ltr'>de</span> <span class='ocrx_word' id='word_1_221' title='bbox 1146 4291 1516 4357; x_wconf 77' lang='lat' dir='ltr'>decemprimis</span> <span class='ocrx_word' id='word_1_222' title='bbox 1541 4289 1852 4351; x_wconf 73' lang='lat' dir='ltr'>curialium,</span> <span class='ocrx_word' id='word_1_223' title='bbox 1878 4288 1931 4340; x_wconf 80' lang='lat' dir='ltr'>G.</span> <span class='ocrx_word' id='word_1_224' title='bbox 1958 4290 2045 4350; x_wconf 73' lang='lat' dir='ltr'>th..</span> <span class='ocrx_word' id='word_1_225' title='bbox 2075 4286 2154 4350; x_wconf 87' lang='grc'>16,</span> <span class='ocrx_word' id='word_1_226' title='bbox 2184 4288 2234 4346; x_wconf 75' lang='lat'>2,</span> <span class='ocrx_word' id='word_1_227' title='bbox 2259 4287 2339 4338; x_wconf 81' lang='lat'>39.</span> 
     </span>
    </p>

    <p class='ocr_par' dir='ltr' id='par_1_9' title="bbox 938 4379 1313 4447">
     <span class='ocr_line' id='line_1_32' title="bbox 938 4379 1313 4447; baseline -0.011 -14"><span class='ocrx_word' id='word_1_228' title='bbox 938 4382 1006 4447; x_wconf 84' lang='grc'>(5)</span> <span class='ocrx_word' id='word_1_229' title='bbox 1041 4379 1121 4432; x_wconf 73' lang='lat' dir='ltr'>Cf.</span> <span class='ocrx_word' id='word_1_230' title='bbox 1154 4397 1207 4446; x_wconf 87' lang='lat' dir='ltr'>p.</span> <span class='ocrx_word' id='word_1_231' title='bbox 1239 4380 1313 4431; x_wconf 88' lang='lat'>17.</span> 
     </span>
    </p>
   </div>
   <div class='ocr_carea' id='block_1_4' title="bbox 2631 4300 3467 5421">
    <p class='ocr_par' dir='ltr' id='par_1_10' title="bbox 2631 4300 3467 5421">
     <span class='ocr_line' id='line_1_33' title="bbox 2631 4300 3467 5421; baseline 0 0"><span class='ocrx_word' id='word_1_232' title='bbox 2631 4300 3467 5421; x_wconf 95' lang='lat' dir='ltr'> </span> 
     </span>
    </p>
   </div>
  </div>
 </body>
</html>
