3488 5421
1335 579 1532 639 -45
1576 610 1671 637 ——-.

431 719 731 811 genarii,
757 725 879 788 aut
909 715 1327 799 centenarii,
1349 716 1476 787 sed
1507 715 1718 786 modo
1744 713 2110 785 ducenarii
2132 719 2562 804 protectores

434 849 945 923 memorentur,
996 841 1355 931 primique
1393 841 1470 910 in
1510 839 1776 910 scholis
1814 855 1962 909 non
2001 835 2395 920 ducenarii,
2440 837 2567 910 sed

434 969 801 1036 senatores
842 963 989 1033 sint
1025 969 1095 1033 et
1134 960 1593 1051 decemprimi
1637 967 1998 1040 vocentur,
2043 959 2198 1032 fieri
2229 962 2460 1051 potuit
2487 969 2568 1035 ut

435 1093 868 1178 protectores
908 1103 1157 1156 omnes
1198 1084 1474 1155 ducena
1509 1084 1737 1155 millia
1778 1085 2103 1156 sestertia
2139 1086 2563 1176 acciperent,

438 1228 588 1282 non
628 1228 877 1281 omnes
902 1265 921 1292 ,
962 1216 1206 1299 utpote
1245 1207 1440 1279 domi
1479 1207 1733 1280 divites
1759 1262 1777 1291 ,
1821 1208 1896 1278 in
1935 1210 2166 1282 titulis
2206 1210 2570 1283 ducenarii

440 1335 997 1426 appellarentur.

541 1458 793 1529 Nullus
833 1475 872 1528 e
911 1456 1356 1540 domesticis,
1399 1458 1460 1528 si
1514 1475 1648 1528 nos
1709 1457 1804 1529 ad
1851 1456 2097 1530 titulos
2155 1458 2567 1544 referimuS,

445 1580 872 1653 ducenarius
904 1581 1312 1671 egregiusve
1337 1579 1616 1651 videtur
1645 1580 1895 1651 fuisse.
1926 1582 2119 1666 Quos
2150 1582 2570 1654 crediderim

448 1724 669 1794 quum
689 1706 959 1795 majora
975 1704 1335 1794 stipendia
1363 1705 1720 1795 accepisse
1751 1702 1865 1797 (de
1884 1705 2236 1776 veteranis
2256 1703 2570 1798 loquor),

450 1834 637 1909 tum,
682 1827 988 1918 exempli
1037 1828 1261 1918 gratia
1297 1829 1608 1898 virorum
1650 1826 2041 1898 illustrium
2081 1826 2306 1910 filios,
2358 1829 2578 1919 gratis

452 1952 824 2025 militasse.
846 1954 1090 2043 Neque
1108 1959 1347 2023 tamen
1371 1953 1801 2044 legionarios
1824 1971 2074 2024 omnes
2101 1952 2579 2025 clarissimatu

455 2077 675 2148 fuisse
704 2084 1018 2159 ornatos,
1055 2077 1188 2148 etsi
1220 2076 1769 2150 domesticorum
1806 2076 2022 2148 coetui
2055 2078 2387 2161 sociatoS,
2412 2079 2582 2151 inde

455 2200 853 2291 colligimus
893 2200 1087 2291 quod
1125 2201 1312 2270 hanc
1357 2199 1775 2290 dignitatem
1834 2201 2050 2271 simul
2095 2219 2254 2273 cum
2297 2201 2579 2274 decem-

458 2324 768 2415 primatu
798 2325 1073 2396 ordinis
1114 2324 1226 2397 sui
1265 2324 1746 2415 impetrabant
1794 2320 1938 2416 (1).-

557 2601 748 2672 Nulli
775 2600 995 2672 ferme
1017 2601 1308 2673 militari
1342 2601 1670 2692 dignitati
1701 2608 1805 2672 tot
1836 2596 2204 2692 privilegia
2234 2612 2408 2693 quot
2427 2624 2587 2695 pro-

459 2729 768 2800 tectoriae
820 2729 1320 2800 obveniebant.
1372 2730 1525 2799 Jam
1580 2728 2095 2799 clarissimatus
2152 2730 2590 2819 equestrisve

465 2852 860 2924 nobilitatis
883 2854 1106 2942 gratia
1126 2871 1168 2922 a
1191 2851 1502 2924 sordidis
1529 2852 1951 2923 muneribus
1972 2852 2333 2924 immunes
2359 2861 2586 2942 erant,

467 2975 839 3047 tormentis
870 2975 1125 3066 subjici
1161 2993 1309 3047 non
1341 2981 1691 3065 poterant.
1729 2975 1942 3046 Plura
1972 2976 2184 3047 etiam
2216 2977 2593 3066 protectori

468 3099 840 3172 commoda
856 3100 1386 3191 contingebant.
1420 3101 1651 3185 Quum
1681 3098 2156 3190 praetorianus
2184 3100 2415 3181 mileS,
2448 3102 2589 3170 Do-

473 3223 749 3295 mitiani
770 3230 1112 3312 tempore,
1137 3229 1443 3311 quatuor
1469 3222 1744 3293 circiter
1771 3222 1998 3292 millia
2026 3222 2428 3294 sestertium
2449 3227 2599 3292 tan-

470 3355 623 3419 tum
665 3354 961 3418 mereret
1005 3343 1134 3440 (2),
1174 3347 1702 3437 quinquagiens
1740 3348 2014 3438 majora
2050 3345 2409 3437 stipendia
2445 3364 2601 3436 pro-

469 3479 693 3545 tector
729 3471 1142 3561 accipiebat.
1189 3470 1277 3543 At
1315 3471 1675 3561 stipendia
1713 3490 1756 3541 a
1786 3471 2053 3543 Juliani
2088 3470 2600 3543 *Diocletianive

471 3602 679 3668 aetate
717 3613 848 3667 nec
886 3595 1231 3667 sestertiis
1283 3614 1415 3667 nec
1461 3595 1820 3678 denariis,
1880 3596 2007 3667 sed
2059 3595 2310 3666 solidis
2364 3595 2600 3666 aureis

470 3719 1041 3791 numerabantur
1069 3714 1162 3813 (5)
1197 3717 1707 3812 (querebantur
1722 3720 2140 3792 Theodorici
2170 3725 2602 3811 protectores

446 3835 519 3911 ἰ
560 3864 688 3936 pro
729 3844 1232 3917 emolumentis
1286 3844 1425 3915 sibi
1463 3862 1611 3916 non
1651 3845 1909 3935 integri
1952 3844 2291 3936 ponderis
2333 3843 2602 3917 solidos

545 4180 614 4243 (¹)
643 4176 722 4228 Cf.
749 4194 835 4243 pp.
875 4179 945 4240 15,
976 4177 1055 4239 65,
1086 4178 1164 4228 66.

542 4263 611 4331 (⁴2)
651 4266 786 4318 Vide
813 4266 1148 4329 Marquardt,
1177 4265 1645 4327 Staatsverwaltungy,
1676 4264 1756 4325 11,
1790 4282 1841 4330 p.
1873 4266 1952 4317 93.

542 4359 616 4422 (3)
644 4356 720 4408 Cf.
752 4356 1045 4406 Mommsen
1065 4393 1078 4416 ,
1110 4355 1367 4405 Geschichte
1398 4355 1472 4404 des
1500 4355 1753 4404 romischen
1775 4357 2076 4406 Munzwesens
2094 4394 2108 4418 ,
2134 4370 2185 4419 p.
2213 4355 2325 4406 797.
