3488 5421
1756 624 2076 686 ...53-

858 764 1021 854 plus
1079 781 1295 852 quam
1355 762 1758 834 Constantii
1821 763 2419 853 Constantinique
2471 762 2837 854 jussiones
2892 762 2983 836 ad

858 888 1140 960 scholas
1177 893 1654 978 protectorum
1694 885 2276 959 vacuefaciendas
2314 888 2648 959 valuisse.

955 1012 1084 1082 Tot
1136 1029 1299 1082 vero
1353 1016 1517 1101 post
1567 1010 1928 1082 Iulianum
1996 1011 2159 1081 latae
2222 1010 2412 1102 leges
2472 1011 2982 1101 imperatorum

860 1135 1304 1208 severitatem
1375 1135 1617 1208 minus
1676 1153 1893 1226 quam
1956 1135 2211 1206 inanes
2272 1140 2568 1210 conatus
2626 1141 3014 1226 arguunt;.

859 1261 1175 1351 dumque
1215 1261 1495 1352 regulas
1534 1245 1950 1351 imponunt,
1995 1277 2143 1331 non
2191 1260 2418 1352 magis
2465 1277 2545 1331 se
2590 1261 2670 1332 in
2715 1261 2981 1331 malum

856 1386 1098 1458 invehi
1140 1404 1354 1476 quam
1396 1386 1582 1456 malo
1623 1384 1869 1457 cedere
1907 1383 2338 1476 significant.
2384 1383 2594 1455 Anno
2633 1387 2773 1454 566
2800 1440 2817 1464 ,
2859 1386 2987 1456 Va-

857 1511 1237 1583 lentiniani
1277 1512 1455 1603 lege,
1499 1509 1869 1592 officiales,
1926 1535 1958 1573 ‹
1998 1510 2122 1600 qui
2163 1509 2351 1582 inter
2372 1514 2832 1602 protectores,
2865 1507 2985 1580 do-

854 1635 1162 1709 mesticos
1231 1636 1342 1708 vel
1400 1635 1762 1708 scholares
1820 1633 2133 1707 militant
2193 1662 2224 1697 ι
2247 1690 2265 1718 ,
2337 1633 2760 1707 muneribus
2832 1633 2985 1706 suis

856 1761 1253 1835 redduntur
1297 1758 1425 1856 (1).
1471 1761 1559 1833 At
1594 1758 2119 1831 cornicularius
2166 1761 2512 1851 cujusque
2565 1757 2810 1831 scrinii
2857 1775 2981 1831 ex-

856 1886 1147 1978 cipitur,
1193 1888 1316 1977 qui
1379 1913 1409 1950 ι
1464 1891 1626 1976 post
1675 1890 2071 1956 transactos
2124 1883 2525 1956 corniculos
2576 1909 2645 1964 ι,
2708 1881 2786 1954 id
2836 1889 2980 1965 est,

854 2018 1017 2102 post
1045 2011 1418 2101 impletum
1456 2009 1798 2092 officium,
1837 2010 2335 2099 protectoriam
2368 2008 2786 2101 dignitatem
2816 2008 2986 2080 acci-

853 2134 1002 2227 piet
1069 2134 1197 2230 (2).
1260 2136 1559 2208 Necesse
1615 2141 1723 2207 est
1764 2133 2271 2227 primicerium
2325 2152 2613 2224 quoque
2661 2133 2984 2206 omnium

854 2258 1249 2332 officiorum
1305 2257 1441 2352 (cui
1509 2259 2074 2350 postponebatur
2139 2257 2676 2352 cornicularius)
2735 2258 2985 2330 eodem

853 2384 1220 2477 privilegio
1258 2385 1396 2456 frui
1436 2383 1565 2479 (5).
1611 2385 1692 2456 In
1733 2384 1980 2458 eadem
2012 2384 2496 2456 Valentiniani
2536 2383 2689 2474 lege
2725 2382 2849 2454 alii
2886 2383 2988 2454 of·

854 2509 1121 2583 flciales
1162 2516 1688 2590 memorantur,
1749 2510 1918 2601 qui,
1975 2538 2005 2575 ι
2064 2509 2459 2583 secundum
2500 2509 2768 2601 legem,
2821 2527 2988 2580 nos-

853 2642 1033 2706 tram
1065 2653 1456 2727 purpuram
1479 2635 1836 2707 adorant»
1857 2690 1873 2716 ,
1900 2635 2168 2707 scilicet
2202 2639 2280 2705 ut
2308 2639 2741 2725 protectores
2761 2655 2779 2719 ;
2805 2651 2988 2724 quos

854 2777 1013 2832 esse
1050 2760 1258 2832 credo
1298 2749 1789 2843 numerarios,
1837 2760 1962 2852 qui
2002 2761 2289 2832 tertium
2341 2758 2574 2831 locum
2618 2759 2694 2831 in
2734 2756 2986 2831 officiis

853 2883 1305 2965 obtinebant,
1350 2885 1791 2974 quibusque,
1827 2891 1905 2956 ut
1935 2903 1972 2956 e
2000 2884 2152 2975 lege
2185 2902 2252 2954 a.
2290 2885 2427 2954 582
2463 2888 2682 2974 patet,
2718 2900 2986 2972 purpu-

854 3025 1005 3079 ram
1044 3008 1343 3081 adorare
1379 3016 1542 3101 post
1590 3009 1879 3081 tertium
1921 3009 2095 3100 gesti
2145 3008 2464 3080 muneris
2508 3025 2780 3079 annum
2821 3024 2984 3079 con-

853 3132 1127 3204 ceditur
1173 3129 1302 3225 (4).
1347 3133 1722 3206 Notatione
1764 3132 2059 3225 dignum
2099 3141 2246 3217 est,
2301 3134 2378 3205 in
2429 3132 2684 3206 officiis
2722 3132 2983 3205 ducum

853 3257 1278 3330 comitumve
1310 3258 1855 3350 provincialium
1887 3258 2291 3349 primicerio
2321 3259 2458 3330 soli
2489 3258 2984 3351 protectoriam

852 3381 1269 3476 dignitatem
1311 3383 1567 3455 deferri
1616 3379 1747 3478 (5).

849 3677 983 3727 neque
1011 3667 1287 3715 annonarias
1306 3703 1318 3725 ,
1348 3679 1484 3727 neque
1512 3668 1708 3728 capitum
1735 3678 1828 3716 esse
1857 3668 2184 3727 mandandum,
2220 3667 2299 3717 sed
2322 3680 2468 3717 omnes
2498 3668 2715 3728 emrtuos
2747 3667 2806 3715 ad
2827 3667 2985 3729 plero-

849 3767 943 3805 mos
969 3767 1073 3805 suos
1100 3768 1154 3829 oc
1179 3756 1392 3806 tmuium
1413 3756 1580 3805 redire.

912 3843 982 3907 (1)
1013 3844 1062 3895 G.
1096 3845 1181 3904 th„
1215 3844 1262 3901 8.
1293 3842 1339 3904 7,
1369 3843 1420 3896 9.

911 3932 980 3996 (2)
1013 3930 1094 3982 Cf.
1122 3933 1292 3996 legem
1318 3948 1368 3982 a.
1397 3933 1508 3994 365,
1539 3933 1589 3984 G.
1621 3934 1705 3996 tlt„
1738 3934 1788 3996 8,
1815 3934 1862 3995 7,
1894 3934 1942 3984 8.

916 4021 982 4087 (3)
1025 4021 1155 4072 Post
1205 4023 1497 4085 completos
1537 4024 1698 4075 offleii
1755 4025 1839 4075 sui
1881 4038 2051 4075 annos
2067 4061 2082 4088 ,
2127 4030 2453 4088 protectores
2490 4028 2757 4078 honorarii
2775 4028 2989 4077 'fiebant

844 4113 1131 4177 primicerius
1174 4113 1367 4174 sabricae
1385 4149 1399 4173 ‚
1439 4113 1729 4175 primicerius
1771 4115 2149 4177 singulariorum.
2196 4114 2245 4165 G.
2291 4118 2459 4174 theod„
2498 4116 2587 4176 10,
2628 4117 2716 4178 22,
2753 4117 2781 4168 3
2820 4116 2986 4181 (390);

847 4201 1107 4265 Cassiod„
1144 4204 1325 4260 Varia,
1363 4201 1445 4265 11,
1477 4203 1556 4255 31.

910 4291 980 4355 (4)
1013 4291 1065 4343 G.
1093 4293 1178 4354 th„
1209 4291 1256 4352 8,
1290 4290 1332 4352 1,
1367 4290 1452 4349 13;
1484 4292 1558 4343 cf.
1590 4294 1636 4350 8.
1673 4292 1716 4354 1,
1751 4292 1827 4345 17.

915 4381 981 4448 (5)
1017 4381 1198 4432 Notitia
1224 4382 1498 4444 dignitatem
1527 4395 1614 4442 ον..
1645 4382 1755 4432 dux
1790 4381 2059 4450 Scythiae,
2090 4383 2153 4434 39
2171 4420 2186 4447 ,
2215 4383 2309 4446 373
2338 4385 2448 4435 dux
2470 4382 2677 4436 Moeeiae
2703 4384 2981 4445 secundm,
