3488 5421
53 0 497 453 Γ

54 474 57 545 i

54 548 57 571 l

49 1672 83 1889 Ἴν-

1385 592 1700 653 -47-

468 741 657 816 rant,
693 750 914 823 quum
945 731 1247 802 alterum
1278 747 1550 800 annum
1582 727 2078 800 commeabant
2114 725 2242 823 (l).
2271 731 2409 803 Eos
2437 750 2601 805 vero

471 856 844 948 probabile
895 861 1006 926 est
1028 909 1047 936 ‚
1106 852 1414 944 pretium
1456 850 1962 922 tractoriarum
1997 852 2602 945 annonae-iarum,

476 999 659 1071 quas
712 997 942 1068 usque
997 977 1091 1049 ad
1146 977 1476 1048 ultimum
1532 976 1706 1047 anni
1762 975 1953 1048 diem
2016 977 2333 1069 accipere
2388 980 2605 1054 debe-

476 1105 657 1176 bant
678 1155 696 1187 ,
737 1101 932 1193 apud
967 1101 1320 1174 arcarium
1365 1099 1857 1190 praefectorum
1904 1101 2239 1191 praetorio
2279 1103 2438 1194 (qui
2477 1107 2610 1178 sti-

480 1227 749 1318 pendia
797 1231 1276 1315 protectorum
1330 1240 1710 1294 numerare
1764 1221 2063 1317 solebat)
2110 1223 2205 1319 (2)
2254 1228 2403 1317 jam
2457 1248 2617 1303 esse

482 1357 926 1424 consecutos.
972 1349 1197 1420 Simul
1240 1366 1399 1420 cum
1441 1347 1832 1440 diplomate
1872 1349 2295 1420 tractoriam
2332 1374 2615 1424 censua-

483 1477 622 1548 lem
668 1474 1149 1567 accipiebant,
1193 1493 1338 1564 qua
1388 1473 1572 1546 duos
1613 1492 1841 1563 equos
1888 1474 1964 1544 in
2004 1475 2310 1567 singulis
2362 1497 2617 1552 cursus

485 1600 752 1692 publici
795 1598 1227 1672 stationibus
1267 1597 1578 1669 mutuari
1611 1604 1940 1688 poterant
1987 1596 2115 1692 (5).

589 1723 787 1796 Adde
824 1721 1276 1814 capitationis
1315 1723 1847 1794 excusationem
1872 1776 1890 1804 ‚
1936 1741 2099 1812 quae
2144 1743 2291 1796 non
2330 1727 2424 1799 ad
2461 1747 2623 1818 pro-

491 1856 790 1922 tectores
821 1846 1061 1929 modo,
1092 1845 1221 1918 sed
1250 1845 1440 1918 etad
1466 1864 1712 1919 eorum
1744 1853 2078 1936 parentes
2108 1849 2626 1942 mulieremque

494 1973 896 2063 pertinebat
940 1968 1035 2064 (4)
1074 1994 1092 2053 ;
1136 1970 1321 2042 adde
1372 1971 1667 2061 portorii
1717 1990 2006 2062 quoque
2053 1974 2579 2048 immunitatem
2604 2033 2622 2062 ‚

499 2094 886 2167 dummodo
944 2111 1073 2184 pro
1132 2093 1488 2165 mercibus
1543 2112 1705 2183 quae
1767 2094 1903 2166 sub
1959 2090 2280 2185 ipsorum
2337 2100 2633 2172 nomine

500 2219 1169 2298 transvehebantur,
1212 2216 1456 2288 minus
1494 2235 1710 2305 quam
1741 2216 2153 2306 quindecim
2191 2219 2461 2293 solidos
2477 2223 2632 2294 sol-

504 2361 666 2416 vere
701 2342 1044 2414 deberent
1085 2336 1179 2434 (ὅ)
1197 2395 1213 2410 .

608 2468 780 2552 Quae
816 2471 1106 2557 propter
1153 2463 1524 2537 commoda
1574 2463 1917 2535 ditissimi
1971 2465 2422 2539 habebantur
2475 2488 2637 2561 pro-

506 2583 834 2664 tectoreS.
889 2591 1137 2678 ltaque
1189 2588 1534 2659 Paulinus
1589 2606 1749 2658 cum
1806 2589 2232 2677 protectoria
2293 2592 2638 2683 dignitate

511 2716 774 2788 milites
813 2714 985 2787 dicit
1027 2733 1174 2786 non
1213 2713 1436 2785 otium
1487 2710 1737 2795 modo,
1798 2713 1925 2785 sed
1980 2721 2050 2786 et
2100 2714 2385 2789 divitias
2436 2738 2635 2792 asse-

514 2839 638 2929 qui
699 2836 829 2933 (6).
883 2841 1304 2928 Loquuntur
1359 2837 1533 2909 Acta
1584 2844 1993 2910 sanctorum
2066 2867 2096 2904 ι
2156 2840 2244 2911 de
2302 2843 2499 2915 mille
2560 2863 2644 2917 ac

515 2962 746 3035 tribus
786 2962 1102 3044 famulis,
1144 2961 1755 3053 procuratoribUS,
1791 2962 2440 3053 dispensatoribUS‚
2477 2986 2638 3039 cum

517 3087 863 3159 uxoribus
900 3065 1232 3168 simulac
1268 3085 1515 3158 liberis
1554 3113 1585 3148 ι
1639 3093 1946 3175 quatuor
1976 3095 2480 3177 protectorum,
2517 3094 2640 3181 qui

521 3209 973 3282 dominorum
1013 3206 1181 3282 fidei
1230 3215 1299 3280 et
1347 3209 1677 3299 supplicii
1734 3210 2114 3300 participes
2169 3211 2458 3284 fuerunt
2509 3211 2638 3307 (7).

522 3334 916 3424 Teotychus
954 3338 1304 3422 protector
1341 3352 1383 3403 a
1420 3331 1859 3404 Diocletiano
1889 3332 1981 3404 ad
2020 3335 2450 3426 supplicium
2483 3337 2648 3410 mis-

592 3639 662 3704 (1)
688 3640 738 3691 G.
771 3641 859 3700 th„
891 3639 940 3700 7,
965 3639 1012 3701 4,
1041 3638 1135 3700 273
1166 3638 1233 3689 cs.
1265 3653 1316 3702 p.
1342 3637 1430 3696 29,
1458 3652 1514 3687 n.
1545 3638 1594 3687 3.

594 3727 660 3792 (2)
686 3726 1056 3788 Οαεείοᾶοωε,
1093 3728 1274 3790 Variae,
1311 3728 1354 3789 l,
1389 3727 1463 3777 10.

590 3816 660 3880 (3)
692 3816 743 3868 G.
770 3818 856 3877 th„
881 3818 927 3881 8,
957 3818 1014 3876 5,
1048 3815 1125 3866 49.
1160 3815 1294 3877 Quae
1322 3816 1587 3866 tractoriae
1615 3817 1839 3867 fortasse
1875 3821 1939 3867 ab
1966 3821 2172 3870 actuario
2192 3828 2512 3884 protectorum,
2538 3839 2651 3874 ser-

530 3906 806 3964 vehantur,
837 3918 995 3968 quem
1023 3905 1226 3965 titulus,
1253 3905 1302 3954 G.
1333 3906 1371 3956 i.
1404 3905 1456 3960 l..
1491 3904 1585 3968 111,
1611 3904 1753 3966 6059,
1787 3914 2040 3957 memorat
2073 3929 2083 3957 :
2110 3910 2226 3960 haec
2245 3910 2450 3963 functio
2475 3920 2653 3962 actua-

532 3994 733 4042 riorum
756 3998 894 4056 erat,
921 3995 993 4044 cf.
1018 3994 1069 4045 G.
1098 3994 1185 4055 th..
1212 3992 1262 4052 7,
1293 3991 1339 4056 4,
1376 3994 1449 4044 16.

593 4081 663 4146 (4)
694 4081 745 4133 G.
778 4083 866 4140 th..
893 4082 942 4142 7,
972 4081 1053 4144 20,
1082 4083 1112 4133 4
1142 4098 1156 4133 ε
1186 4082 1325 4134 Suum
1353 4088 1515 4145 caput,
1543 4086 1692 4146 patris
1721 4098 1775 4133 ac
1800 4086 1962 4135 matris
1988 4091 2032 4135 et
2058 4089 2278 4138 uxoris...
2307 4096 2531 4139 excusent.

600 4171 668 4235 (5)
700 4171 750 4221 0.
781 4173 868 4232 th..
905 4171 978 4235 13,
1014 4173 1056 4234 1,
1092 4170 1175 4231 14;
1200 4173 1272 4223 cf.
1306 4171 1379 4233 13,
1417 4173 1458 4230 1,
1489 4173 1520 4223 7
1548 4173 1603 4221 in
1627 4187 1730 4235 qua
1758 4175 1896 4223 unius
1922 4175 2156 4236 quindenae
2184 4175 2483 4239 legendum.

598 4259 671 4323 (6)
701 4260 900 4325 Migne,
928 4264 1056 4312 Patr.
1089 4263 1193 4320 lat..
1227 4260 1377 4324 LXI,
1410 4277 1462 4326 p.
1494 4261 1601 4311 304.
1633 4261 1713 4312 Cf.
1744 4279 1796 4327 p.
1830 4262 1907 4314 38.

601 4348 669 4412 (7)
703 4348 997 4408 Februarii,
1028 4349 1076 4408 7.
1104 4350 1174 4404 11.
1207 4366 1257 4416 p.
1297 4350 1350 4403 19
1376 4366 1421 4401 a.
