3488 5421
1764 665 1845 676 ..
1887 626 1960 691 64
2003 663 2083 677 ...

861 784 1022 840 men
1082 766 1158 839 in
1219 768 1611 839 matriculis
1685 769 2228 840 oblitterabatur
2288 766 2382 862 (1)
2452 795 2467 839 ε
2527 744 2785 860 nempe
2840 788 2987 842 non

857 894 1168 983 amplius
1201 912 1413 983 quam
1449 894 1772 983 quinque
1803 912 2033 964 annos
2065 894 2372 965 militare
2411 895 2486 964 in
2528 896 2791 984 palatio
2826 914 2988 986 pro-

856 1023 1154 1122 tectores
1209 1019 1563 1089 solebant.
1610 1019 1746 1103 Qui
1786 1025 2022 1090 autem
2077 1018 2177 1089 ita
2230 1019 2514 1108 expulsi
2555 1018 2877 1101 fuerant,
2923 994 2984 1091 si

855 1150 1020 1215 ante
1076 1144 1452 1215 biennium
1515 1143 1605 1213 ab
1672 1145 2099 1233 imperatore
2169 1143 2406 1214 ordini
2471 1143 2979 1227 reddebantur,

855 1287 1016 1340 eum
1074 1269 1305 1353 locum
1363 1268 1440 1337 in
1495 1267 1890 1338 matriculis
1959 1268 2500 1358 recuperabant,
2566 1286 2711 1339 non
2771 1287 2983 1360 quem

853 1393 1279 1464 habuissent
1309 1393 1370 1463 si
1402 1399 1769 1484 protegere
1795 1399 2393 1482 perseverassent,
2431 1393 2557 1464 sed
2585 1412 2796 1483 quem
2830 1401 2977 1491 tum

817 1514 1074 1607 'quum
1117 1506 1300 1589 erasi
1358 1517 1640 1589 fuerant
1678 1517 2083 1599 habebant;
2141 1518 2203 1587 si
2258 1523 2496 1588 autem
2551 1525 2713 1608 post
2769 1518 2989 1590 bien--

851 1641 1052 1712 nium
1083 1697 1100 1724 ,
1161 1661 1323 1713 eum
1394 1643 1625 1712 locum
1699 1641 2123 1712 obtinebant
2188 1660 2397 1731 quem
2453 1641 2689 1732 adepti
2744 1649 2987 1713 essent

850 1768 947 1849 si,
982 1768 1203 1838 altero
1242 1768 1492 1838 bienni
1528 1785 1753 1849 ann0‚
1802 1767 2032 1837 ultimi
2071 1766 2378 1838 fuissent
2417 1763 2546 1860 (2).

944 1892 1152 1963 Nulla
1190 1892 1405 1982 igitur
1445 1910 1800 1961 annorum
1842 1910 2023 1980 quos
2067 1891 2142 1960 in
2181 1892 2323 1961 alio
2364 1909 2662 1995 numero
2705 1898 2978 1962 transe-

847 2017 1023 2105 gerit
1078 2017 1256 2087 ratio
1304 2016 1683 2106 protectori
1738 2016 2044 2087 habetur
2088 2042 2104 2086 ε
2152 2017 2697 2107 computabatur
2737 2023 2972 2088 tamen

845 2140 1220 2211 honestam
1256 2141 1671 2212 missionem
1705 2141 2115 2230 exposcenti
2150 2147 2462 2213 externae
2493 2141 2770 2213 militiae
2800 2149 2974 2212 tem-

845 2285 1006 2356 puS.
1051 2265 1165 2349 At,
1210 2266 1286 2336 in
1320 2266 1597 2348 ordine,
1634 2267 2126 2358 provehuntur
2165 2266 2561 2338 secundum
2599 2266 2788 2338 diem
2830 2285 2971 2356 quo

842 2390 919 2460 in
955 2408 1115 2461 eum
1155 2399 1323 2461 sunt
1361 2390 1650 2472 adsciti3
1675 2409 1821 2461 non
1859 2409 1985 2481 per
2023 2390 2428 2472 arbitrium,
2457 2389 2793 2472 favorem,
2819 2409 2972 2479 gra-

842 2515 1013 2585 tiam
1050 2570 1065 2597 ,
1108 2515 1235 2587 sed
1287 2541 1317 2578 «
1357 2533 1483 2604 per
1511 2515 1991 2606 prolixitatem
2027 2514 2303 2585 militiae
2343 2540 2373 2577 »
2397 2568 2414 2595 ,
2458 2514 2547 2584 ab
2587 2515 2841 2584 ultimo
2879 2512 2971 2584 ad

840 2640 1150 2731 primum
1183 2639 1479 2730 gradum
1507 2695 1523 2723 ,
1569 2646 1781 2730 prout
1819 2640 2128 2730 quisque
2164 2657 2201 2709 e
2241 2656 2540 2710 numero
2581 2638 2964 2730 egreditur,

839 2766 1177 2835 continuo
1225 2766 1509 2836 incessu
1549 2765 1948 2836 ascendunt
1994 2762 2121 2856 (5).

936 3133 1071 3220 Qui
1137 3131 1604 3225 decemprimi
1621 3188 1638 3216 ,
1696 3130 2216 3203 secundicerius
2234 3188 2250 3215 ‚
2311 3131 2779 3223 primicerius
2844 3151 2961 3202 vo-

834 3265 1083 3329 cantur
1120 3277 1267 3329 non
1306 3258 1851 3348 protectoribuS‚
1889 3276 2035 3328 non
2076 3258 2593 3348 protectoribus
2631 3257 2966 3327 domesti-

834 3382 968 3463 cis,
1012 3390 1091 3453 ut
1128 3382 1461 3453 tribunus
1502 3383 1802 3465 cohorti,
1836 3384 2154 3454 centurio
2197 3385 2560 3464 centuriae,
2596 3387 2954 3474 praesunt3

835 3508 1107 3578 caeteris
1152 3524 1234 3577 eo
1279 3507 1759 3589 antecellunt,
1820 3507 2015 3598 quod
2053 3508 2266 3598 primi
2310 3508 2385 3578 in
2425 3506 2817 3601 matriculis
2858 3504 2960 3574 in-

896 3790 961 3855 (l)
992 3791 1042 3842 G.
1066 3794 1202 3852 just„
1243 3789 1316 3851 12,
1354 3789 1424 3851 17,
1455 3791 1501 3840 3.
1574 3828 1580 3835 .

895 3878 962 3943 (2)
992 3880 1041 3931 G.
1075 3881 1163 3941 th„
1193 3880 1240 3940 6,
1268 3880 1348 3940 24,
1374 3882 1423 3930 5.

892 3968 957 4033 (3)
995 3968 1126 4029 Quae
1164 3987 1185 4017 ι
1226 3970 1504 4032 prolixitas
1534 3987 1559 4015 n
1599 3970 1670 4017 ita
1708 3985 1739 4017 a
1769 3968 2056 4032 ProcopiO,
2089 3970 2154 4019 de
2192 3971 2438 4019 omnibus
2473 3969 2677 4018 militiae
2706 3968 2957 4031 palatinae

825 4059 1105 4123 generibus
1121 4061 1366 4121 loquente
1387 4060 1750 4123 (militantium
1772 4059 1974 4109 scilicet
1999 4059 2051 4107 in
2078 4061 2266 4109 officiis
2291 4058 2593 4121 scholisve),
2613 4057 2953 4116 describitur,

823 4148 1072 4209 Anecdota,
1103 4149 1181 4210 24,
1210 4148 1309 4209 111,
1337 4164 1387 4211 p.
1423 4149 1507 4199 137
1541 4169 1552 4196 t
1583 4150 1863 4199 Τάσσονται
1894 4152 1978 4213 μὲν
2006 4152 2056 4199 ἐν
2082 4155 2184 4207 τοῖς
2210 4151 2498 4214 καταλόγοις
2523 4149 2676 4214 ἀρχὴν
2707 4149 2912 4214 ἔσχατοι
2938 4160 2949 4172 ·

822 4239 1080 4303 προιόντος
1113 4239 1166 4287 δὲ
1194 4244 1282 4288 τοῦ
1311 4240 1486 4304 χρόνου
1517 4238 1863 4294 ἀναὸαίνοντες
1896 4240 1972 4288 ἀεὶ
2001 4241 2047 4295 ἐς
2074 4245 2172 4288 τῶν
2204 4240 2568 4302 ἀπογινομένων
2599 4241 2629 4298 ἢ
2657 4242 2953 4296 ὑπεξιόντων

821 4329 907 4386 τήν
950 4328 1114 4392 χώραν
1155 4329 1332 4385 τάξεως
1375 4330 1578 4377 ἕκαστοι
1622 4333 1705 4387 τῆς
1747 4329 1856 4376 κατ’
1898 4328 2074 4385 αὐτοὺς
2116 4331 2162 4384 ἐς
2203 4329 2317 4377 τόδε
2354 4334 2595 4394 χωροῦσιν
2620 4365 2631 4387 ,
2662 4330 2751 4386 ἕως
2781 4330 2838 4377 ἄν
2883 4347 2956 4388 τις

825 4416 1010 4478 βαθμοῦ
1041 4416 1338 4474 ἐπιὸεὸηκὼς
1362 4421 1449 4465 τοῦ
1480 4417 1680 4480 πρώτου
1708 4417 1801 4475 ἤδη
1832 4417 1877 4473 ἐς
1900 4419 1957 4466 τὸ
1983 4424 2121 4480 τιμῆς
2147 4418 2376 4480 ἀφίκηται
2403 4419 2569 4482 πέρας.
