<?xml version="1.0" encoding="UTF-8"?>
<!DOCTYPE html PUBLIC "-//W3C//DTD XHTML 1.0 Transitional//EN"
    "http://www.w3.org/TR/xhtml1/DTD/xhtml1-transitional.dtd">
<html xmlns="http://www.w3.org/1999/xhtml" xml:lang="en" lang="en">
 <head>
  <title>
</title>
<meta http-equiv="Content-Type" content="text/html;charset=utf-8" />
  <meta name='ocr-system' content='tesseract 3.04.00' />
  <meta name='ocr-capabilities' content='ocr_page ocr_carea ocr_par ocr_line ocrx_word'/>
</head>
<body>
  <div class='ocr_page' id='page_1' title='image "./deprotectoribus00jullgoog_0018.png"; bbox 0 0 3488 5421; ppageno 0'>
   <div class='ocr_carea' id='block_1_1' title="bbox 1851 615 2128 675">
    <p class='ocr_par' dir='ltr' id='par_1_1' title="bbox 1851 615 2128 675">
     <span class='ocr_line' id='line_1_1' title="bbox 1851 615 2128 675; baseline 0.004 -14"><span class='ocrx_word' id='word_1_1' title='bbox 1851 615 2128 675; x_wconf 81' lang='lat'>..4-</span> 
     </span>
    </p>
   </div>
   <div class='ocr_carea' id='block_1_2' title="bbox 923 747 3056 2823">
    <p class='ocr_par' dir='ltr' id='par_1_2' title="bbox 923 747 3051 1467">
     <span class='ocr_line' id='line_1_2' title="bbox 923 747 3048 846; baseline -0.002 -20"><span class='ocrx_word' id='word_1_2' title='bbox 923 752 1295 839; x_wconf 78' lang='lat' dir='ltr'>Germanis</span> <span class='ocrx_word' id='word_1_3' title='bbox 1357 750 1507 846; x_wconf 87' lang='lat'>(1),</span> <span class='ocrx_word' id='word_1_4' title='bbox 1569 754 1867 824; x_wconf 85' lang='lat' dir='ltr'>Batavos</span> <span class='ocrx_word' id='word_1_5' title='bbox 1935 757 2212 822; x_wconf 87' lang='lat' dir='ltr'>tantum</span> <span class='ocrx_word' id='word_1_6' title='bbox 2265 747 2746 822; x_wconf 88' lang='lat' dir='ltr'>conservatos.</span> <span class='ocrx_word' id='word_1_7' title='bbox 2812 748 3048 822; x_wconf 92' lang='lat' dir='ltr'>Primo</span> 
     </span>
     <span class='ocr_line' id='line_1_3' title="bbox 925 873 3051 969; baseline -0.002 -19"><span class='ocrx_word' id='word_1_8' title='bbox 925 875 1188 950; x_wconf 88' lang='lat' dir='ltr'>Tiberii</span> <span class='ocrx_word' id='word_1_9' title='bbox 1227 875 1671 969; x_wconf 78' lang='lat' dir='ltr'>principatus</span> <span class='ocrx_word' id='word_1_10' title='bbox 1720 892 1940 958; x_wconf 92' lang='lat' dir='ltr'>anno,</span> <span class='ocrx_word' id='word_1_11' title='bbox 1985 873 2074 946; x_wconf 92' lang='lat' dir='ltr'>de</span> <span class='ocrx_word' id='word_1_12' title='bbox 2107 874 2480 946; x_wconf 90' lang='lat' dir='ltr'>Germanis</span> <span class='ocrx_word' id='word_1_13' title='bbox 2530 891 2763 945; x_wconf 91' lang='lat' dir='ltr'>sermo</span> <span class='ocrx_word' id='word_1_14' title='bbox 2800 892 3051 946; x_wconf 89' lang='lat' dir='ltr'>rursus</span> 
     </span>
     <span class='ocr_line' id='line_1_4' title="bbox 925 995 3051 1096; baseline -0.004 -20"><span class='ocrx_word' id='word_1_15' title='bbox 925 1010 1060 1086; x_wconf 80' lang='lat' dir='ltr'>est,</span> <span class='ocrx_word' id='word_1_16' title='bbox 1102 1001 1226 1096; x_wconf 81' lang='lat' dir='ltr'>qui</span> <span class='ocrx_word' id='word_1_17' title='bbox 1256 1007 1408 1070; x_wconf 78' lang='lat' dir='ltr'>tum</span> <span class='ocrx_word' id='word_1_18' title='bbox 1445 998 1753 1071; x_wconf 73' lang='lat' dir='ltr'><strong><em>custodes</em></strong></span> <span class='ocrx_word' id='word_1_19' title='bbox 1794 997 2212 1091; x_wconf 76' lang='lat' dir='ltr'>imperatori</span> <span class='ocrx_word' id='word_1_20' title='bbox 2243 997 2555 1070; x_wconf 76' lang='lat' dir='ltr'>aderant</span> <span class='ocrx_word' id='word_1_21' title='bbox 2599 995 2694 1092; x_wconf 78' lang='lat'>(2)</span> <span class='ocrx_word' id='word_1_22' title='bbox 2745 1023 2762 1071; x_wconf 70' lang='grc' dir='ltr'><strong><em>ι</em></strong></span> <span class='ocrx_word' id='word_1_23' title='bbox 2805 1016 3051 1070; x_wconf 88' lang='lat' dir='ltr'>eorum</span> 
     </span>
     <span class='ocr_line' id='line_1_5' title="bbox 925 1120 3047 1217; baseline -0.002 -19"><span class='ocrx_word' id='word_1_24' title='bbox 925 1120 1297 1199; x_wconf 81' lang='lat' dir='ltr'>historiam</span> <span class='ocrx_word' id='word_1_25' title='bbox 1365 1125 1502 1198; x_wconf 87' lang='lat' dir='ltr'>sub</span> <span class='ocrx_word' id='word_1_26' title='bbox 1567 1124 1775 1208; x_wconf 90' lang='lat' dir='ltr'>Gai0‚</span> <span class='ocrx_word' id='word_1_27' title='bbox 1850 1124 1974 1215; x_wconf 91' lang='lat' dir='ltr'>qui</span> <span class='ocrx_word' id='word_1_28' title='bbox 2032 1141 2410 1196; x_wconf 93' lang='lat' dir='ltr'>numerum</span> <span class='ocrx_word' id='word_1_29' title='bbox 2476 1123 2833 1216; x_wconf 88' lang='lat' dir='ltr'>supplevit</span> <span class='ocrx_word' id='word_1_30' title='bbox 2896 1120 3047 1217; x_wconf 82' lang='lat'>(5),</span> 
     </span>
     <span class='ocr_line' id='line_1_6' title="bbox 927 1247 3047 1342; baseline 0.001 -19"><span class='ocrx_word' id='word_1_31' title='bbox 927 1250 1209 1342; x_wconf 79' lang='lat' dir='ltr'>subque</span> <span class='ocrx_word' id='word_1_32' title='bbox 1247 1250 1525 1323; x_wconf 86' lang='lat' dir='ltr'>coeteris</span> <span class='ocrx_word' id='word_1_33' title='bbox 1563 1249 2013 1341; x_wconf 81' lang='lat' dir='ltr'>principibus</span> <span class='ocrx_word' id='word_1_34' title='bbox 2042 1248 2377 1321; x_wconf 83' lang='lat' dir='ltr'>facillime</span> <span class='ocrx_word' id='word_1_35' title='bbox 2404 1248 2746 1340; x_wconf 79' lang='lat' dir='ltr'>reperias,</span> <span class='ocrx_word' id='word_1_36' title='bbox 2783 1247 3047 1326; x_wconf 83' lang='lat' dir='ltr'>donec,</span> 
     </span>
     <span class='ocr_line' id='line_1_7' title="bbox 929 1370 2486 1467; baseline -0.001 -21"><span class='ocrx_word' id='word_1_37' title='bbox 929 1374 1153 1448; x_wconf 84' lang='lat' dir='ltr'>Galba</span> <span class='ocrx_word' id='word_1_38' title='bbox 1189 1374 1587 1467; x_wconf 90' lang='lat' dir='ltr'>imperante</span> <span class='ocrx_word' id='word_1_39' title='bbox 1612 1429 1631 1457; x_wconf 91' lang='lat'>‚</span> <span class='ocrx_word' id='word_1_40' title='bbox 1675 1372 2010 1445; x_wconf 85' lang='lat' dir='ltr'>dissoluti</span> <span class='ocrx_word' id='word_1_41' title='bbox 2050 1372 2312 1447; x_wconf 88' lang='lat' dir='ltr'>abeant</span> <span class='ocrx_word' id='word_1_42' title='bbox 2356 1370 2486 1467; x_wconf 78' lang='grc'>(4).</span> 
     </span>
    </p>

    <p class='ocr_par' dir='ltr' id='par_1_3' title="bbox 923 1497 3056 2823">
     <span class='ocr_line' id='line_1_8' title="bbox 1030 1497 3051 1590; baseline 0.001 -20"><span class='ocrx_word' id='word_1_43' title='bbox 1030 1497 1426 1590; x_wconf 76' lang='lat' dir='ltr'>Principem</span> <span class='ocrx_word' id='word_1_44' title='bbox 1469 1497 1853 1581; x_wconf 87' lang='lat' dir='ltr'>custodire,</span> <span class='ocrx_word' id='word_1_45' title='bbox 1896 1504 2262 1590; x_wconf 83' lang='lat' dir='ltr'>protegere</span> <span class='ocrx_word' id='word_1_46' title='bbox 2287 1552 2304 1579; x_wconf 92' lang='lat'>,</span> <span class='ocrx_word' id='word_1_47' title='bbox 2350 1516 2496 1570; x_wconf 92' lang='lat' dir='ltr'>una</span> <span class='ocrx_word' id='word_1_48' title='bbox 2537 1498 3051 1572; x_wconf 90' lang='lat' dir='ltr'>Germanorum</span> 
     </span>
     <span class='ocr_line' id='line_1_9' title="bbox 927 1619 3047 1717; baseline 0.001 -22"><span class='ocrx_word' id='word_1_49' title='bbox 927 1623 1196 1696; x_wconf 79' lang='lat' dir='ltr'>functio</span> <span class='ocrx_word' id='word_1_50' title='bbox 1260 1631 1449 1709; x_wconf 90' lang='lat' dir='ltr'>erat,</span> <span class='ocrx_word' id='word_1_51' title='bbox 1512 1631 1582 1696; x_wconf 91' lang='lat' dir='ltr'>et</span> <span class='ocrx_word' id='word_1_52' title='bbox 1631 1624 1732 1696; x_wconf 89' lang='lat' dir='ltr'>ita</span> <span class='ocrx_word' id='word_1_53' title='bbox 1788 1641 1866 1696; x_wconf 91' lang='lat' dir='ltr'>se</span> <span class='ocrx_word' id='word_1_54' title='bbox 1915 1622 2165 1695; x_wconf 88' lang='lat' dir='ltr'>fideles</span> <span class='ocrx_word' id='word_1_55' title='bbox 2225 1619 2321 1717; x_wconf 78' lang='grc'>(5)</span> <span class='ocrx_word' id='word_1_56' title='bbox 2388 1623 2876 1715; x_wconf 79' lang='lat' dir='ltr'>praestiterunt</span> <span class='ocrx_word' id='word_1_57' title='bbox 2929 1632 3047 1708; x_wconf 91' lang='lat' dir='ltr'>ut,</span> 
     </span>
     <span class='ocr_line' id='line_1_10' title="bbox 929 1746 3052 1840; baseline 0 -20"><span class='ocrx_word' id='word_1_58' title='bbox 929 1750 1158 1821; x_wconf 91' lang='lat' dir='ltr'>occiso</span> <span class='ocrx_word' id='word_1_59' title='bbox 1222 1748 1394 1821; x_wconf 90' lang='lat' dir='ltr'>Gaio</span> <span class='ocrx_word' id='word_1_60' title='bbox 1422 1803 1440 1832; x_wconf 93' lang='lat'>,</span> <span class='ocrx_word' id='word_1_61' title='bbox 1507 1748 1915 1839; x_wconf 86' lang='lat' dir='ltr'>conJ‘uratos</span> <span class='ocrx_word' id='word_1_62' title='bbox 1985 1746 2199 1820; x_wconf 80' lang='lat' dir='ltr'>caedis</span> <span class='ocrx_word' id='word_1_63' title='bbox 2260 1746 2612 1839; x_wconf 83' lang='lat' dir='ltr'>fugientes</span> <span class='ocrx_word' id='word_1_64' title='bbox 2674 1765 3052 1840; x_wconf 90' lang='lat' dir='ltr'>perseque-</span> 
     </span>
     <span class='ocr_line' id='line_1_11' title="bbox 929 1868 3054 1966; baseline 0.001 -21"><span class='ocrx_word' id='word_1_65' title='bbox 929 1879 1198 1956; x_wconf 89' lang='lat' dir='ltr'>rentur,</span> <span class='ocrx_word' id='word_1_66' title='bbox 1243 1874 1532 1945; x_wconf 86' lang='lat' dir='ltr'>obvium</span> <span class='ocrx_word' id='word_1_67' title='bbox 1574 1890 1935 1964; x_wconf 87' lang='lat' dir='ltr'>quemque</span> <span class='ocrx_word' id='word_1_68' title='bbox 1971 1872 2410 1946; x_wconf 81' lang='lat' dir='ltr'>trucidantes</span> <span class='ocrx_word' id='word_1_69' title='bbox 2464 1868 2590 1966; x_wconf 85' lang='lat'><strong>(6).</strong></span> <span class='ocrx_word' id='word_1_70' title='bbox 2641 1873 3054 1947; x_wconf 85' lang='lat' dir='ltr'>Serviebant</span> 
     </span>
     <span class='ocr_line' id='line_1_12' title="bbox 928 1997 3053 2090; baseline 0 -20"><span class='ocrx_word' id='word_1_71' title='bbox 928 1999 1249 2090; x_wconf 84' lang='lat' dir='ltr'>augustis</span> <span class='ocrx_word' id='word_1_72' title='bbox 1290 2005 1371 2070; x_wconf 84' lang='lat' dir='ltr'>ut</span> <span class='ocrx_word' id='word_1_73' title='bbox 1419 1997 1791 2070; x_wconf 89' lang='lat' dir='ltr'>domestici</span> <span class='ocrx_word' id='word_1_74' title='bbox 1837 2022 1853 2068; x_wconf 72' lang='grc' dir='ltr'>ε</span> <span class='ocrx_word' id='word_1_75' title='bbox 1894 2016 1978 2070; x_wconf 93' lang='lat' dir='ltr'>eo</span> <span class='ocrx_word' id='word_1_76' title='bbox 2031 1997 2340 2070; x_wconf 87' lang='lat' dir='ltr'>militum</span> <span class='ocrx_word' id='word_1_77' title='bbox 2375 2016 2632 2090; x_wconf 84' lang='lat' dir='ltr'>genere</span> <span class='ocrx_word' id='word_1_78' title='bbox 2671 1998 2882 2071; x_wconf 91' lang='lat' dir='ltr'>etiam</span> <span class='ocrx_word' id='word_1_79' title='bbox 2919 1999 3053 2071; x_wconf 90' lang='lat' dir='ltr'>im-</span> 
     </span>
     <span class='ocr_line' id='line_1_13' title="bbox 929 2121 3056 2215; baseline 0.002 -21"><span class='ocrx_word' id='word_1_80' title='bbox 929 2130 1334 2215; x_wconf 88' lang='lat' dir='ltr'>peratorum</span> <span class='ocrx_word' id='word_1_81' title='bbox 1389 2121 1647 2194; x_wconf 93' lang='lat' dir='ltr'>domus</span> <span class='ocrx_word' id='word_1_82' title='bbox 1699 2122 2034 2194; x_wconf 88' lang='lat' dir='ltr'>utebatur</span> <span class='ocrx_word' id='word_1_83' title='bbox 2065 2175 2082 2204; x_wconf 92' lang='lat'>‚</span> <span class='ocrx_word' id='word_1_84' title='bbox 2144 2123 2477 2194; x_wconf 88' lang='lat' dir='ltr'>Germani</span> <span class='ocrx_word' id='word_1_85' title='bbox 2535 2123 2613 2193; x_wconf 89' lang='lat' dir='ltr'>in</span> <span class='ocrx_word' id='word_1_86' title='bbox 2663 2122 3056 2198; x_wconf 86' lang='lat' dir='ltr'>hereditate</span> 
     </span>
     <span class='ocr_line' id='line_1_14' title="bbox 929 2245 3055 2337; baseline 0 -19"><span class='ocrx_word' id='word_1_87' title='bbox 929 2246 1118 2319; x_wconf 91' lang='lat' dir='ltr'>inter</span> <span class='ocrx_word' id='word_1_88' title='bbox 1160 2246 1302 2319; x_wconf 90' lang='lat' dir='ltr'>alia</span> <span class='ocrx_word' id='word_1_89' title='bbox 1338 2246 2032 2319; x_wconf 81' lang='lat' dir='ltr'>transmittebantur.</span> <span class='ocrx_word' id='word_1_90' title='bbox 2078 2245 2194 2318; x_wconf 93' lang='lat' dir='ltr'>Sic</span> <span class='ocrx_word' id='word_1_91' title='bbox 2238 2245 2570 2319; x_wconf 90' lang='lat' dir='ltr'>custodes</span> <span class='ocrx_word' id='word_1_92' title='bbox 2611 2248 2736 2337; x_wconf 90' lang='lat' dir='ltr'>qui</span> <span class='ocrx_word' id='word_1_93' title='bbox 2771 2249 3055 2320; x_wconf 91' lang='lat' dir='ltr'>Germa-</span> 
     </span>
     <span class='ocr_line' id='line_1_15' title="bbox 925 2368 3054 2465; baseline 0.001 -22"><span class='ocrx_word' id='word_1_94' title='bbox 925 2372 1205 2445; x_wconf 89' lang='lat' dir='ltr'>manico</span> <span class='ocrx_word' id='word_1_95' title='bbox 1275 2371 1704 2445; x_wconf 83' lang='lat' dir='ltr'>adsidebant</span> <span class='ocrx_word' id='word_1_96' title='bbox 1771 2368 1864 2465; x_wconf 94' lang='grc'>(7)</span> <span class='ocrx_word' id='word_1_97' title='bbox 1900 2426 1918 2455; x_wconf 93' lang='grc'><strong>,</strong></span> <span class='ocrx_word' id='word_1_98' title='bbox 1984 2369 2154 2443; x_wconf 85' lang='lat' dir='ltr'>filiis</span> <span class='ocrx_word' id='word_1_99' title='bbox 2222 2372 2377 2462; x_wconf 87' lang='lat' dir='ltr'>ejus</span> <span class='ocrx_word' id='word_1_100' title='bbox 2442 2371 2786 2462; x_wconf 83' lang='lat' dir='ltr'>fratrique</span> <span class='ocrx_word' id='word_1_101' title='bbox 2850 2372 3054 2445; x_wconf 90' lang='lat' dir='ltr'>Clau-</span> 
     </span>
     <span class='ocr_line' id='line_1_16' title="bbox 926 2493 3049 2591; baseline -0.001 -22"><span class='ocrx_word' id='word_1_102' title='bbox 926 2496 1044 2569; x_wconf 92' lang='lat' dir='ltr'>dio</span> <span class='ocrx_word' id='word_1_103' title='bbox 1103 2495 1249 2591; x_wconf 91' lang='grc'>(8),</span> <span class='ocrx_word' id='word_1_104' title='bbox 1294 2516 1460 2590; x_wconf 87' lang='lat' dir='ltr'>pars</span> <span class='ocrx_word' id='word_1_105' title='bbox 1506 2496 1718 2568; x_wconf 86' lang='lat' dir='ltr'>etiam</span> <span class='ocrx_word' id='word_1_106' title='bbox 1766 2494 2046 2569; x_wconf 90' lang='lat' dir='ltr'>Tiberio</span> <span class='ocrx_word' id='word_1_107' title='bbox 2097 2496 2342 2568; x_wconf 85' lang='lat' dir='ltr'>caesari</span> <span class='ocrx_word' id='word_1_108' title='bbox 2397 2493 2491 2590; x_wconf 88' lang='grc'>(9)</span> <span class='ocrx_word' id='word_1_109' title='bbox 2551 2497 2993 2570; x_wconf 82' lang='lat' dir='ltr'>obvenerunt</span> <span class='ocrx_word' id='word_1_110' title='bbox 3032 2521 3049 2567; x_wconf 92' lang='lat'><strong>:</strong></span> 
     </span>
     <span class='ocr_line' id='line_1_17' title="bbox 927 2621 3056 2715; baseline -0.002 -19"><span class='ocrx_word' id='word_1_111' title='bbox 927 2641 1150 2714; x_wconf 94' lang='lat' dir='ltr'>quum</span> <span class='ocrx_word' id='word_1_112' title='bbox 1203 2621 1546 2695; x_wconf 90' lang='lat' dir='ltr'>Claudius</span> <span class='ocrx_word' id='word_1_113' title='bbox 1600 2640 1896 2715; x_wconf 84' lang='lat' dir='ltr'>regnum</span> <span class='ocrx_word' id='word_1_114' title='bbox 1950 2621 2261 2714; x_wconf 86' lang='lat' dir='ltr'>accepit,</span> <span class='ocrx_word' id='word_1_115' title='bbox 2306 2640 2439 2694; x_wconf 92' lang='lat' dir='ltr'>sua</span> <span class='ocrx_word' id='word_1_116' title='bbox 2484 2622 2783 2713; x_wconf 89' lang='lat' dir='ltr'>Gaiique</span> <span class='ocrx_word' id='word_1_117' title='bbox 2820 2627 3056 2695; x_wconf 88' lang='lat' dir='ltr'>turma</span> 
     </span>
     <span class='ocr_line' id='line_1_18' title="bbox 923 2746 3053 2823; baseline 0 -5"><span class='ocrx_word' id='word_1_118' title='bbox 923 2749 1000 2819; x_wconf 89' lang='lat' dir='ltr'>in</span> <span class='ocrx_word' id='word_1_119' title='bbox 1040 2766 1265 2823; x_wconf 90' lang='lat' dir='ltr'>unum</span> <span class='ocrx_word' id='word_1_120' title='bbox 1306 2747 1696 2822; x_wconf 88' lang='lat' dir='ltr'>coiverunt.</span> <span class='ocrx_word' id='word_1_121' title='bbox 1747 2748 1975 2820; x_wconf 90' lang='lat' dir='ltr'>Etiam</span> <span class='ocrx_word' id='word_1_122' title='bbox 2022 2747 2236 2820; x_wconf 86' lang='lat' dir='ltr'>matri</span> <span class='ocrx_word' id='word_1_123' title='bbox 2281 2749 2673 2821; x_wconf 92' lang='lat' dir='ltr'>nonnullos</span> <span class='ocrx_word' id='word_1_124' title='bbox 2725 2746 3053 2822; x_wconf 91' lang='lat' dir='ltr'>custodes</span> 
     </span>
    </p>
   </div>
   <div class='ocr_carea' id='block_1_3' title="bbox 915 3110 3056 4429">
    <p class='ocr_par' dir='ltr' id='par_1_4' title="bbox 921 3110 3056 3264">
     <span class='ocr_line' id='line_1_19' title="bbox 982 3110 3056 3178; baseline -0.002 -13"><span class='ocrx_word' id='word_1_125' title='bbox 982 3112 1048 3178; x_wconf 85' lang='lat' dir='ltr'>(l)</span> <span class='ocrx_word' id='word_1_126' title='bbox 1079 3111 1381 3174; x_wconf 72' lang='lat' dir='ltr'>Suetoniu3‚</span> <span class='ocrx_word' id='word_1_127' title='bbox 1418 3111 1478 3164; x_wconf 86' lang='lat' dir='ltr'>V.</span> <span class='ocrx_word' id='word_1_128' title='bbox 1514 3113 1655 3174; x_wconf 71' lang='grc' dir='ltr'><strong><em>Αιις..</em></strong></span> <span class='ocrx_word' id='word_1_129' title='bbox 1688 3110 1786 3163; x_wconf 76' lang='lat'>49:</span> <span class='ocrx_word' id='word_1_130' title='bbox 1818 3110 2075 3165; x_wconf 70' lang='lat' dir='ltr'>Dimissa...</span> <span class='ocrx_word' id='word_1_131' title='bbox 2105 3124 2304 3165; x_wconf 78' lang='lat' dir='ltr'>manu...</span> <span class='ocrx_word' id='word_1_132' title='bbox 2331 3111 2649 3164; x_wconf 76' lang='lat' dir='ltr'>Germanorum</span> <span class='ocrx_word' id='word_1_133' title='bbox 2677 3123 2808 3175; x_wconf 75' lang='lat' dir='ltr'>quam</span> <span class='ocrx_word' id='word_1_134' title='bbox 2834 3123 2968 3175; x_wconf 73' lang='lat' dir='ltr'>usque</span> <span class='ocrx_word' id='word_1_135' title='bbox 2997 3111 3056 3162; x_wconf 79' lang='lat' dir='ltr'>ad</span> 
     </span>
     <span class='ocr_line' id='line_1_20' title="bbox 921 3203 2262 3264; baseline 0.001 -12"><span class='ocrx_word' id='word_1_136' title='bbox 921 3203 1089 3253; x_wconf 71' lang='lat' dir='ltr'>cladem</span> <span class='ocrx_word' id='word_1_137' title='bbox 1116 3204 1352 3253; x_wconf 72' lang='lat' dir='ltr'>vav-ianam</span> <span class='ocrx_word' id='word_1_138' title='bbox 1379 3203 1501 3253; x_wconf 73' lang='lat' dir='ltr'>inter</span> <span class='ocrx_word' id='word_1_139' title='bbox 1527 3203 1772 3264; x_wconf 68' lang='lat' dir='ltr'>amiam-os</span> <span class='ocrx_word' id='word_1_140' title='bbox 1800 3204 1923 3253; x_wconf 84' lang='lat' dir='ltr'>circa</span> <span class='ocrx_word' id='word_1_141' title='bbox 1951 3216 1996 3253; x_wconf 74' lang='lat' dir='ltr'>se</span> <span class='ocrx_word' id='word_1_142' title='bbox 2025 3203 2262 3254; x_wconf 76' lang='lat' dir='ltr'>habuerat.</span> 
     </span>
    </p>

    <p class='ocr_par' dir='ltr' id='par_1_5' title="bbox 921 3290 3054 3445">
     <span class='ocr_line' id='line_1_21' title="bbox 984 3290 3054 3355; baseline -0.001 -13"><span class='ocrx_word' id='word_1_143' title='bbox 984 3293 1052 3355; x_wconf 73' lang='lat'>(2)</span> <span class='ocrx_word' id='word_1_144' title='bbox 1077 3291 1319 3349; x_wconf 81' lang='lat' dir='ltr'>Tacitus,</span> <span class='ocrx_word' id='word_1_145' title='bbox 1350 3292 1571 3350; x_wconf 73' lang='lat' dir='ltr'>Annales.</span> <span class='ocrx_word' id='word_1_146' title='bbox 1607 3291 1657 3351; x_wconf 91' lang='lat'>1,</span> <span class='ocrx_word' id='word_1_147' title='bbox 1693 3292 1754 3342; x_wconf 76' lang='lat'>24</span> <span class='ocrx_word' id='word_1_148' title='bbox 1783 3312 1794 3340; x_wconf 72' lang='grc' dir='ltr'><strong>ε</strong></span> <span class='ocrx_word' id='word_1_149' title='bbox 1826 3292 2031 3343; x_wconf 75' lang='lat' dir='ltr'>Additur</span> <span class='ocrx_word' id='word_1_150' title='bbox 2070 3305 2234 3354; x_wconf 64' lang='lat' dir='ltr'>magna</span> <span class='ocrx_word' id='word_1_151' title='bbox 2268 3304 2377 3353; x_wconf 77' lang='lat' dir='ltr'>pars</span> <span class='ocrx_word' id='word_1_152' title='bbox 2399 3292 2672 3354; x_wconf 61' lang='lat' dir='ltr'>pretoriani</span> <span class='ocrx_word' id='word_1_153' title='bbox 2699 3290 2866 3353; x_wconf 62' lang='lat' dir='ltr'>equitis</span> <span class='ocrx_word' id='word_1_154' title='bbox 2899 3294 2943 3341; x_wconf 74' lang='lat' dir='ltr'>ot</span> <span class='ocrx_word' id='word_1_155' title='bbox 2972 3303 3054 3340; x_wconf 86' lang='lat' dir='ltr'>ro·</span> 
     </span>
     <span class='ocr_line' id='line_1_22' title="bbox 921 3381 1800 3445; baseline 0.002 -14"><span class='ocrx_word' id='word_1_156' title='bbox 921 3381 1030 3432; x_wconf 79' lang='lat' dir='ltr'>bora</span> <span class='ocrx_word' id='word_1_157' title='bbox 1069 3382 1415 3439; x_wconf 75' lang='lat' dir='ltr'>Germanorum.</span> <span class='ocrx_word' id='word_1_158' title='bbox 1440 3383 1519 3445; x_wconf 77' lang='lat' dir='ltr'>qui</span> <span class='ocrx_word' id='word_1_159' title='bbox 1548 3388 1667 3444; x_wconf 75' lang='lat' dir='ltr'>tunt,</span> <span class='ocrx_word' id='word_1_160' title='bbox 1695 3386 1800 3433; x_wconf 85' lang='lat' dir='ltr'>etc.</span> 
     </span>
    </p>

    <p class='ocr_par' dir='ltr' id='par_1_6' title="bbox 983 3469 2125 3535">
     <span class='ocr_line' id='line_1_23' title="bbox 983 3469 2125 3535; baseline -0.001 -16"><span class='ocrx_word' id='word_1_161' title='bbox 983 3471 1052 3535; x_wconf 88' lang='lat'>(3)</span> <span class='ocrx_word' id='word_1_162' title='bbox 1076 3469 1384 3527; x_wconf 81' lang='lat' dir='ltr'>Suetonius,</span> <span class='ocrx_word' id='word_1_163' title='bbox 1417 3471 1475 3521; x_wconf 89' lang='lat' dir='ltr'>V.</span> <span class='ocrx_word' id='word_1_164' title='bbox 1500 3470 1630 3531; x_wconf 80' lang='lat' dir='ltr'>Gaii,</span> <span class='ocrx_word' id='word_1_165' title='bbox 1658 3470 1746 3533; x_wconf 85' lang='grc'>43;</span> <span class='ocrx_word' id='word_1_166' title='bbox 1778 3471 1848 3521; x_wconf 82' lang='lat' dir='ltr'>cf.</span> <span class='ocrx_word' id='word_1_167' title='bbox 1875 3470 1937 3521; x_wconf 89' lang='grc'>45</span> <span class='ocrx_word' id='word_1_168' title='bbox 1967 3474 2018 3521; x_wconf 85' lang='lat' dir='ltr'>et</span> <span class='ocrx_word' id='word_1_169' title='bbox 2048 3469 2125 3519; x_wconf 83' lang='grc'>47.</span> 
     </span>
    </p>

    <p class='ocr_par' dir='ltr' id='par_1_7' title="bbox 919 3558 3056 3800">
     <span class='ocr_line' id='line_1_24' title="bbox 986 3558 3052 3624; baseline 0 -15"><span class='ocrx_word' id='word_1_170' title='bbox 986 3558 1245 3624; x_wconf 59' lang='lat' dir='ltr'>(ln-Suet..</span> <span class='ocrx_word' id='word_1_171' title='bbox 1291 3560 1349 3611; x_wconf 88' lang='lat' dir='ltr'>V.</span> <span class='ocrx_word' id='word_1_172' title='bbox 1377 3560 1553 3620; x_wconf 61' lang='lat' dir='ltr'>Galba,</span> <span class='ocrx_word' id='word_1_173' title='bbox 1596 3559 1650 3608; x_wconf 78' lang='lat'>12</span> <span class='ocrx_word' id='word_1_174' title='bbox 1687 3579 1698 3608; x_wconf 73' lang='grc' dir='ltr'><strong>ε</strong></span> <span class='ocrx_word' id='word_1_175' title='bbox 1728 3558 2049 3610; x_wconf 81' lang='lat' dir='ltr'>Germanorum</span> <span class='ocrx_word' id='word_1_176' title='bbox 2083 3558 2306 3610; x_wconf 78' lang='lat' dir='ltr'>cohortem</span> <span class='ocrx_word' id='word_1_177' title='bbox 2339 3573 2366 3609; x_wconf 83' lang='lat' dir='ltr'>a</span> <span class='ocrx_word' id='word_1_178' title='bbox 2394 3559 2638 3609; x_wconf 67' lang='lat' dir='ltr'>caesaribus</span> <span class='ocrx_word' id='word_1_179' title='bbox 2661 3559 2768 3609; x_wconf 84' lang='lat' dir='ltr'>olim</span> <span class='ocrx_word' id='word_1_180' title='bbox 2803 3559 2863 3608; x_wconf 83' lang='lat' dir='ltr'>ad</span> <span class='ocrx_word' id='word_1_181' title='bbox 2895 3564 3052 3609; x_wconf 72' lang='lat' dir='ltr'>custo-</span> 
     </span>
     <span class='ocr_line' id='line_1_25' title="bbox 921 3647 3056 3712; baseline -0.001 -13"><span class='ocrx_word' id='word_1_182' title='bbox 921 3650 1044 3700; x_wconf 79' lang='lat' dir='ltr'>diam</span> <span class='ocrx_word' id='word_1_183' title='bbox 1078 3650 1277 3712; x_wconf 76' lang='lat' dir='ltr'>corporis</span> <span class='ocrx_word' id='word_1_184' title='bbox 1304 3650 1563 3700; x_wconf 73' lang='lat' dir='ltr'>institutam</span> <span class='ocrx_word' id='word_1_185' title='bbox 1598 3648 1835 3711; x_wconf 77' lang='lat' dir='ltr'>dissolvit,</span> <span class='ocrx_word' id='word_1_186' title='bbox 1883 3649 2121 3711; x_wconf 76' lang='lat' dir='ltr'>multisque</span> <span class='ocrx_word' id='word_1_187' title='bbox 2150 3647 2466 3711; x_wconf 77' lang='lat' dir='ltr'>experimentis</span> <span class='ocrx_word' id='word_1_188' title='bbox 2497 3649 2831 3710; x_wconf 76' lang='lat' dir='ltr'>fidelissimam,</span> <span class='ocrx_word' id='word_1_189' title='bbox 2872 3661 2926 3698; x_wconf 79' lang='lat' dir='ltr'>ac</span> <span class='ocrx_word' id='word_1_190' title='bbox 2959 3649 3056 3697; x_wconf 75' lang='lat' dir='ltr'>sine</span> 
     </span>
     <span class='ocr_line' id='line_1_26' title="bbox 919 3738 1784 3800; baseline -0.003 -11"><span class='ocrx_word' id='word_1_191' title='bbox 919 3740 1013 3790; x_wconf 77' lang='lat' dir='ltr'>ullo</span> <span class='ocrx_word' id='word_1_192' title='bbox 1042 3740 1266 3790; x_wconf 83' lang='lat' dir='ltr'>commodo</span> <span class='ocrx_word' id='word_1_193' title='bbox 1291 3739 1469 3789; x_wconf 73' lang='lat' dir='ltr'>remisit</span> <span class='ocrx_word' id='word_1_194' title='bbox 1495 3738 1546 3787; x_wconf 78' lang='lat' dir='ltr'>in</span> <span class='ocrx_word' id='word_1_195' title='bbox 1568 3739 1784 3800; x_wconf 76' lang='lat' dir='ltr'>patriam.</span> 
     </span>
    </p>

    <p class='ocr_par' dir='ltr' id='par_1_8' title="bbox 984 3826 1786 3893">
     <span class='ocr_line' id='line_1_27' title="bbox 984 3826 1786 3893; baseline -0.005 -13"><span class='ocrx_word' id='word_1_196' title='bbox 984 3832 1053 3893; x_wconf 85' lang='lat'>(5)</span> <span class='ocrx_word' id='word_1_197' title='bbox 1084 3829 1386 3886; x_wconf 77' lang='lat' dir='ltr'>SuetoniuS.</span> <span class='ocrx_word' id='word_1_198' title='bbox 1417 3828 1476 3878; x_wconf 88' lang='lat' dir='ltr'>V.</span> <span class='ocrx_word' id='word_1_199' title='bbox 1506 3827 1677 3889; x_wconf 59' lang='lat' dir='ltr'>Galba,</span> <span class='ocrx_word' id='word_1_200' title='bbox 1709 3826 1786 3877; x_wconf 83' lang='lat'>12.</span> 
     </span>
    </p>

    <p class='ocr_par' dir='ltr' id='par_1_9' title="bbox 981 3914 2015 3984">
     <span class='ocr_line' id='line_1_28' title="bbox 981 3914 2015 3984; baseline -0.004 -14"><span class='ocrx_word' id='word_1_201' title='bbox 981 3920 1050 3984; x_wconf 87' lang='grc'>(6)</span> <span class='ocrx_word' id='word_1_202' title='bbox 1085 3918 1366 3982; x_wconf 78' lang='lat' dir='ltr'>Josephus‚</span> <span class='ocrx_word' id='word_1_203' title='bbox 1398 3918 1562 3978; x_wconf 63' lang='lat' dir='ltr'>Antia.</span> <span class='ocrx_word' id='word_1_204' title='bbox 1588 3917 1718 3977; x_wconf 71' lang='lat' dir='ltr'>jud„</span> <span class='ocrx_word' id='word_1_205' title='bbox 1754 3914 1829 3979; x_wconf 86' lang='lat'>19,</span> <span class='ocrx_word' id='word_1_206' title='bbox 1864 3916 1907 3976; x_wconf 90' lang='grc'>1,</span> <span class='ocrx_word' id='word_1_207' title='bbox 1941 3915 2015 3966; x_wconf 87' lang='grc'>15.</span> 
     </span>
    </p>

    <p class='ocr_par' dir='ltr' id='par_1_10' title="bbox 977 4003 3019 4070">
     <span class='ocr_line' id='line_1_29' title="bbox 977 4003 3019 4070; baseline -0.002 -12"><span class='ocrx_word' id='word_1_208' title='bbox 977 4008 1047 4070; x_wconf 81' lang='grc' dir='ltr'>(Ἴ)</span> <span class='ocrx_word' id='word_1_209' title='bbox 1075 4007 1284 4067; x_wconf 86' lang='lat' dir='ltr'>Gruter,</span> <span class='ocrx_word' id='word_1_210' title='bbox 1313 4004 1424 4067; x_wconf 77' lang='lat'><strong>602,</strong></span> <span class='ocrx_word' id='word_1_211' title='bbox 1453 4005 1483 4054; x_wconf 89' lang='lat'>8</span> <span class='ocrx_word' id='word_1_212' title='bbox 1511 4025 1574 4048; x_wconf 92' lang='lat'><strong><em>=</em></strong></span> <span class='ocrx_word' id='word_1_213' title='bbox 1600 4005 1650 4056; x_wconf 86' lang='lat' dir='ltr'>G.</span> <span class='ocrx_word' id='word_1_214' title='bbox 1683 4007 1719 4054; x_wconf 79' lang='lat' dir='ltr'>i.</span> <span class='ocrx_word' id='word_1_215' title='bbox 1751 4006 1806 4067; x_wconf 85' lang='lat'>1.‚</span> <span class='ocrx_word' id='word_1_216' title='bbox 1834 4003 1938 4061; x_wconf 86' lang='lat' dir='ltr'>VI,</span> <span class='ocrx_word' id='word_1_217' title='bbox 1970 4004 2094 4055; x_wconf 89' lang='grc'>4338</span> <span class='ocrx_word' id='word_1_218' title='bbox 2125 4022 2138 4054; x_wconf 77' lang='lat'>2</span> <span class='ocrx_word' id='word_1_219' title='bbox 2172 4005 2337 4056; x_wconf 72' lang='lat' dir='ltr'>Bassus</span> <span class='ocrx_word' id='word_1_220' title='bbox 2370 4005 2446 4055; x_wconf 82' lang='lat' dir='ltr'>Ti.</span> <span class='ocrx_word' id='word_1_221' title='bbox 2476 4004 2735 4056; x_wconf 74' lang='lat' dir='ltr'>Germanici</span> <span class='ocrx_word' id='word_1_222' title='bbox 2756 4017 3019 4067; x_wconf 65' lang='lat' dir='ltr'>germanus.</span> 
     </span>
    </p>

    <p class='ocr_par' dir='ltr' id='par_1_11' title="bbox 919 4093 3054 4250">
     <span class='ocr_line' id='line_1_30' title="bbox 979 4093 3054 4160; baseline -0.001 -12"><span class='ocrx_word' id='word_1_223' title='bbox 979 4098 1052 4160; x_wconf 88' lang='lat'>(8)</span> <span class='ocrx_word' id='word_1_224' title='bbox 1077 4097 1359 4154; x_wconf 79' lang='lat' dir='ltr'>Muratori.</span> <span class='ocrx_word' id='word_1_225' title='bbox 1389 4094 1509 4157; x_wconf 79' lang='lat'>922,</span> <span class='ocrx_word' id='word_1_226' title='bbox 1538 4095 1599 4145; x_wconf 81' lang='lat'>35</span> <span class='ocrx_word' id='word_1_227' title='bbox 1626 4114 1690 4139; x_wconf 92' lang='lat'><strong><em>=</em></strong></span> <span class='ocrx_word' id='word_1_228' title='bbox 1714 4094 1766 4145; x_wconf 85' lang='lat' dir='ltr'>G.</span> <span class='ocrx_word' id='word_1_229' title='bbox 1797 4096 1832 4143; x_wconf 83' lang='lat' dir='ltr'>i.</span> <span class='ocrx_word' id='word_1_230' title='bbox 1877 4094 1929 4156; x_wconf 85' lang='lat'>1.,</span> <span class='ocrx_word' id='word_1_231' title='bbox 1969 4093 2072 4155; x_wconf 88' lang='lat' dir='ltr'>VI,</span> <span class='ocrx_word' id='word_1_232' title='bbox 2118 4094 2241 4144; x_wconf 87' lang='grc'>4334</span> <span class='ocrx_word' id='word_1_233' title='bbox 2269 4110 2282 4145; x_wconf 77' lang='lat'>2</span> <span class='ocrx_word' id='word_1_234' title='bbox 2315 4096 2445 4145; x_wconf 69' lang='lat' dir='ltr'>Felix</span> <span class='ocrx_word' id='word_1_235' title='bbox 2477 4096 2552 4146; x_wconf 78' lang='lat' dir='ltr'>Ti.</span> <span class='ocrx_word' id='word_1_236' title='bbox 2584 4095 2767 4147; x_wconf 79' lang='lat' dir='ltr'>Claudii</span> <span class='ocrx_word' id='word_1_237' title='bbox 2792 4095 3054 4146; x_wconf 75' lang='lat' dir='ltr'>Germanici</span> 
     </span>
     <span class='ocr_line' id='line_1_31' title="bbox 919 4202 2525 4250; baseline -0.001 -12"><span class='ocrx_word' id='word_1_238' title='bbox 919 4202 1066 4250; x_wconf 73' lang='lat' dir='ltr'>eques.</span> <span class='ocrx_word' id='word_1_239' title='bbox 2519 4241 2525 4246; x_wconf 63' lang='grc'><strong>,</strong></span> 
     </span>
    </p>

    <p class='ocr_par' dir='ltr' id='par_1_12' title="bbox 915 4271 3054 4429">
     <span class='ocr_line' id='line_1_32' title="bbox 985 4271 3054 4341; baseline -0.002 -15"><span class='ocrx_word' id='word_1_240' title='bbox 985 4275 1054 4341; x_wconf 83' lang='grc'>(9)</span> <span class='ocrx_word' id='word_1_241' title='bbox 1079 4273 1299 4338; x_wconf 84' lang='lat' dir='ltr'>Gruter,</span> <span class='ocrx_word' id='word_1_242' title='bbox 1326 4273 1441 4335; x_wconf 65' lang='lat'><strong>602,</strong></span> <span class='ocrx_word' id='word_1_243' title='bbox 1475 4273 1522 4324; x_wconf 89' lang='grc'>11</span> <span class='ocrx_word' id='word_1_244' title='bbox 1557 4290 1620 4317; x_wconf 88' lang='lat'>=</span> <span class='ocrx_word' id='word_1_245' title='bbox 1643 4272 1695 4323; x_wconf 82' lang='lat' dir='ltr'>G.</span> <span class='ocrx_word' id='word_1_246' title='bbox 1724 4275 1760 4322; x_wconf 82' lang='lat' dir='ltr'>i.</span> <span class='ocrx_word' id='word_1_247' title='bbox 1790 4274 1843 4333; x_wconf 81' lang='grc'>1.,</span> <span class='ocrx_word' id='word_1_248' title='bbox 1882 4271 1987 4336; x_wconf 84' lang='lat' dir='ltr'>VI,</span> <span class='ocrx_word' id='word_1_249' title='bbox 2011 4272 2141 4325; x_wconf 72' lang='grc'>’4339</span> <span class='ocrx_word' id='word_1_250' title='bbox 2168 4293 2178 4322; x_wconf 86' lang='lat'><strong>:</strong></span> <span class='ocrx_word' id='word_1_251' title='bbox 2207 4274 2361 4325; x_wconf 77' lang='lat' dir='ltr'>Marco</span> <span class='ocrx_word' id='word_1_252' title='bbox 2383 4274 2721 4336; x_wconf 72' lang='lat' dir='ltr'>qermaniciano</span> <span class='ocrx_word' id='word_1_253' title='bbox 2751 4274 2824 4324; x_wconf 76' lang='lat' dir='ltr'>Ti.</span> <span class='ocrx_word' id='word_1_254' title='bbox 2857 4272 3054 4324; x_wconf 71' lang='lat' dir='ltr'>Gaesaris</span> 
     </span>
     <span class='ocr_line' id='line_1_33' title="bbox 915 4378 1141 4429; baseline -0.013 -12"><span class='ocrx_word' id='word_1_255' title='bbox 915 4378 1141 4429; x_wconf 73' lang='lat' dir='ltr'>qermano.</span> 
     </span>
    </p>
   </div>
  </div>
 </body>
</html>
