3488 5421
1886 1471 1987 1540 IX

1133 1875 1276 1942 Quo
1327 1872 1645 1926 TEMPORE
1695 1871 2176 1925 PROTECTORES
2229 1871 2506 1924 SUBLAT!
2559 1870 2734 1922 SINT.

972 2239 1126 2323 Quo
1165 2244 1482 2327 tempore
1520 2242 1954 2327 protectores
2001 2235 2265 2311 sublati
2305 2235 2496 2319 sint,
2537 2235 2845 2307 maxime
2880 2233 2994 2304 in-

872 2367 1140 2433 certum
1173 2367 1303 2431 est.
1341 2361 1804 2450 Frequenter,
1838 2365 2045 2433 aetate
2066 2359 2535 2450 justinianea,
2569 2359 2658 2431 de
2688 2356 3000 2430 custodi-

873 2484 1011 2556 bus
1057 2484 1338 2575 augusti
1398 2484 1522 2574 qui
1559 2482 1997 2555 excubitores
2043 2484 2512 2555 nominantur
2564 2501 2798 2556 sermo
2847 2489 2997 2563 est,

878 2627 1060 2699 quos
1104 2607 1391 2680 eosdem
1440 2626 1601 2680 esse
1650 2627 1733 2679 ac
1779 2607 2209 2683 domesticos
2262 2615 2332 2680 et
2393 2614 2874 2699 protectoreS,
2933 2613 3004 2678 et

876 2751 1118 2805 revera
1173 2750 1318 2803 non
1360 2732 1845 2815 excubitores,
1904 2732 2031 2806 sed
2078 2739 2512 2824 protectores
2560 2739 2687 2803 aut
2736 2732 3003 2822 saepius

876 2856 1304 2929 domesticos
1356 2854 1641 2947 publice
1690 2857 2087 2948 appellatos
2139 2856 2365 2929 fuisse
2416 2844 2724 2947 probant
2778 2874 3001 2945 quum

879 2982 1228 3074 Procopii,
1264 2982 1480 3072 hujus
1513 2981 1743 3054 aetatis
1782 2983 2177 3073 scriptoris,
2214 2981 2410 3067 libri,
2447 2988 2598 3054 tum
2640 2982 2829 3073 leges
2859 2978 3016 3073 (1),-

879 3115 1027 3178 tum
1095 3104 1285 3178 tituli
1331 3101 1436 3198 (2)
1492 3104 1569 3175 in
1624 3105 2128 3178 consularibus
2180 3105 2520 3179 comitum
2572 3104 2999 3177 domestico-

880 3249 1037 3301 rum
1079 3229 1436 3322 diptychis
1472 3229 1828 3321 inscripti.
1871 3231 2344 3322 Theophanes
2381 3230 2597 3321 igitur
2626 3229 3005 3319 caeterique

783 3395 791 3401 ·
881 3373 1074 3426 nono
1154 3361 1277 3426 aut
1360 3353 1635 3426 decimo
1697 3356 1958 3428 saeculo
2025 3355 2364 3447 degentes
2419 3353 2950 3445 chronographi
2983 3409 3001 3436 ,

883 3476 1242 3570 quomodo
1280 3477 1612 3551 Historiae
1649 3486 1970 3570 augustae
2007 3481 2430 3571 scriptores,
2475 3497 2623 3551 non
2662 3479 3005 3569 temporis

883 3601 973 3674 de
1011 3619 1153 3691 quo
1192 3599 1550 3682 scribunt,
1593 3601 1722 3673 sed
1761 3602 1992 3675 aetatis
2034 3621 2186 3676 suae
2226 3604 2521 3675 nomina
2558 3609 2628 3675 et
2663 3601 3007 3674 vocabula

884 3730 1259 3816 usurpant.
2499 3707 2508 3716 ’
2729 3825 2734 3828 .

987 3850 1535 3920 permanserunt
1587 3849 1799 3922 etiam
1850 3855 2012 3942 post
2060 3850 2545 3923 Iustinianum
2602 3851 3001 3926 domestici.

885 3970 972 4042 At
1010 3989 1154 4060 quo
1192 3978 1510 4061 tempore
1547 3971 2145 4064 chronographis,
2191 3974 2475 4046 scholas
2512 3975 3003 4048 excubitorum

944 4252 1014 4315 (i)
1048 4252 1255 4313 c.1·ust.,
1288 4250 1363 4315 12,
1397 4250 1470 4317 Π,
1500 4250 1529 4303 4
1556 4258 1610 4304 et
1637 4252 1686 4304 5.

946 4338 1012 4402 (2)
1047 4337 1124 4389 Cf.
1161 4340 1386 4403 append.
1419 4339 1443 4390 1
1470 4356 1516 4391 a.
