3488 5421
1334 637 1651 698 ...71—

419 772 888 865 privatarum
944 773 1170 867 (quos
1219 779 1525 867 quatuor
1572 773 1857 845 comites
1916 773 2309 845 consistendi
2357 795 2556 860 voca-‚-

422 897 628 993 bant)
666 896 802 994 (1).
848 901 1029 991 Ergo
1069 906 1242 972 tunc
1277 899 1641 972 illustratu
1677 899 1894 973 modo
1935 900 2384 984 fruebantur,
2429 904 2555 992 qui

424 1023 709 1114 publica
738 1041 1040 1096 munera
1069 1023 1530 1107 exercebant3
1575 1041 1815 1114 neque
1847 1022 1967 1095 vir
1993 1023 2289 1094 illustris
2318 1044 2555 1098 comes

425 1147 975 1221 domesticorum
1049 1146 1286 1242 (sicuti
1332 1149 1763 1239 praepositus
1820 1146 2207 1243 cubiculi),
2271 1150 2399 1223 sed
2437 1149 2557 1219 vir

422 1270 806 1363 spectabilis
852 1280 1004 1344 erat
1042 1270 1172 1366 (2).
1225 1272 1434 1345 Anno
1486 1275 1628 1344 584
1668 1272 2147 1367 praepositum
2191 1273 2388 1344 sacri
2432 1295 2553 1345 cu-

420 1394 632 1467 biculi
678 1397 1009 1469 ultimum
1060 1398 1249 1471 inter
1286 1397 1605 1469 illustres
1630 1451 1647 1479 ‚
1707 1398 1916 1471 tertio
1966 1398 2119 1471 loco
2167 1405 2330 1490 post
2377 1417 2547 1470 con-

421 1522 842 1594 sistorianos
893 1519 998 1616 (5)
1059 1521 1457 1613 reperimus
1482 1577 1499 1604 ‚
1563 1540 1787 1613 quum
1845 1524 2268 1615 spectabiles
2319 1523 2556 1596 adhuc

421 1663 786 1718 remanere
812 1646 1144 1718 videntur
1164 1646 1459 1718 comites
1489 1646 1895 1718 custodum.
1928 1648 2009 1718 ln
2037 1648 2094 1718 N
2099 1647 2300 1719 otitia
2328 1646 2553 1739 digni-

418 1776 638 1844 tatum
688 1767 783 1864 (4)
828 1776 1138 1861 quatuor
1183 1777 1355 1843 sunt
1402 1770 1712 1843 virorum
1763 1769 2152 1843 illustrium
2192 1770 2483 1844 ordines
2527 1796 2544 1841 ε

378 1912 641 1979 unus,
693 1894 770 1965 in
811 1913 954 1985 quo
993 1894 1307 1986 praefecti
1345 1901 1415 1967 et
1460 1895 1832 1986 magistri3
1891 1895 2249 1967 secundus
2287 1896 2364 1965 in
2403 1913 2549 1984 quo

415 2018 779 2110 praepositi
828 2019 1137 2092 cubiculi
1186 2025 1463 2091 tantum
1502 2042 1519 2101 ;
1576 2019 1831 2091 tertius
1855 2073 1872 2101 ‚
1927 2019 2005 2089 in
2058 2037 2201 2109 quo
2255 2019 2549 2091 comites

414 2143 967 2227 consistoriani;
1021 2150 1361 2234 quartus,
1404 2144 1482 2214 in
1532 2160 1677 2233 quo
1720 2142 2274 2216 domesticorum
2323 2143 2544 2215 comi-

414 2275 547 2339 tes.
604 2267 813 2340 Anno
876 2270 1018 2339 412
1046 2320 1063 2350 ‚
1137 2267 1432 2339 comites
1478 2266 2034 2339 domesticorum
2083 2267 2414 2339 eumdem
2469 2286 2552 2339 ac

411 2393 776 2484 praepositi
827 2392 1135 2465 cubiculi
1177 2391 1473 2483 gradum
1525 2391 1857 2463 obtinent
1901 2387 2030 2485 (5).
2084 2393 2189 2463 Ita
2237 2410 2313 2463 se
2365 2411 2543 2483 pau-

414 2517 611 2590 latim
659 2517 754 2590 ad
809 2518 1153 2608 majorem
1192 2516 1614 2608 dignitatem
1662 2522 2042 2587 erexerunt
2089 2515 2213 2605 qui
2251 2514 2548 2606 privatis

412 2641 917 2734 imperatorum
959 2640 1509 2714 necessitatibus
1548 2638 2161 2730 obsequebantur.

510 2768 598 2840 Ut
648 2768 914 2840 scholae
971 2767 1238 2858 quibus
1293 2772 1685 2858 praeerant,
1738 2767 1841 2837 ita
1886 2765 2181 2839 comites
2233 2721 2545 2857 primum

413 2891 724 2965 officium
783 2892 1180 2973 habebant,
1250 2893 1753 2983 imperatorem
1805 2898 2198 2984 protegere.
2254 2892 2545 2963 Numeri

413 3017 813 3110 disciplinae
899 3018 1273 3090 consulere
1351 3017 1710 3090 debebant
1778 3041 1794 3086 ε
1868 3017 2231 3108 pleraeque
2303 3016 2548 3107 itaque

411 3143 598 3235 leges
643 3143 734 3216 de
770 3143 1183 3216 domesticis
1221 3142 1893 3234 protectoribusque
1947 3142 2113 3211 latae
2164 3138 2544 3212 comitibus

410 3267 816 3340 mittuntur.
843 3266 1241 3342 Attendunt
1269 3286 1362 3339 ne
1393 3267 1556 3358 quis
1591 3265 1963 3356 indignus,
1998 3265 2107 3335 vel
2137 3264 2546 3335 christianae

410 3390 579 3464 fidei
615 3392 889 3473 hostis,
934 3410 1026 3464 ne
1078 3392 1243 3482 quis
1302 3392 1578 3464 otiosus
1626 3391 1702 3462 in
1747 3388 1999 3462 ordine
2048 3393 2363 3461 moretur
2400 3382 2539 3479 (6).

419 3625 424 3632 ·
470 3589 613 3653 (nc.
640 3592 729 3653 tlt,
759 3590 886 3654 6,=7‚
921 3592 965 3652 1,
999 3591 1076 3653 11,
1107 3603 1159 3656 p.
1190 3590 1268 3642 78.

467 3679 537 3741 (2)
564 3679 632 3730 A.
657 3678 770 3744 342,
794 3694 841 3730 υ.
872 3695 913 3731 c.
943 3680 1293 3746 appellantur,
1320 3679 1371 3732 G.
1405 3681 1491 3741 th„
1527 3679 1602 3741 i‘z,
1634 3680 1675 3741 1,
1708 3678 1791 3729 38.

466 3769 533 3833 (3)
559 3767 609 3821 G.
640 3770 728 3830 tlt„
755 3767 804 3831 7,
836 3771 883 3831 8,
909 3767 957 3818 3.

466 3860 531 3923 (4)
575 3858 719 3921 Quas
764 3859 928 3924 igitur
974 3857 1195 3910 Notitiae
1238 3863 1422 3923 partes
1462 3861 1585 3909 ante
1627 3872 1676 3907 a.
1717 3856 1811 3908 412
1851 3867 2069 3908 necesse
2108 3859 2190 3905 est
2233 3855 2543 3904 referamus.

402 3945 640 3998 Credidit
660 3948 920 4012 Boecking
945 3949 1104 3999 etiam
1124 3952 1254 4000 tunc
1274 3950 1499 3999 comites
1520 3946 1842 3998 domesticos
1864 3946 2008 3996 viros
2028 3945 2341 4009 spectabiles
2362 3944 2542 4001 fuisse,

401 4038 582 4089 Notitia
607 4039 822 4099 orientis,
851 4054 904 4102 p.
930 4037 1041 4088 263.
1067 4036 1226 4088 Modo
1253 4042 1463 4090 certum
1492 4042 1577 4088 est
1601 4050 1790 4088 omnes
1815 4037 2003 4087 harum
2021 4035 2257 4100 partium
2285 4034 2545 4098 capitulos

401 4140 510 4177 non
537 4128 756 4177 omnino
783 4125 921 4177 inter
950 4140 1009 4177 se
1039 4140 1357 4192 congruere.

488 4217 516 4267 5
564 4216 1873 4280 G.t12.‚11.18.-
2085 4233 2090 4238 ·

467 4218 535 4370 {6}
568 4306 619 4358 G.
646 4307 733 4368 th„
760 4306 809 4369 6,
837 4305 915 4369 24,
948 4306 996 4356 2.
1027 4305 1075 4358 3.
1103 4307 1160 4364 5;
1195 4305 1265 4368 16,
1298 4307 1346 4368 5,
1354 4307 1460 4358 42.
1485 4306 1640 4367 Quod
1663 4307 1855 4357 attinet
1877 4305 1945 4355 ad
1972 4303 2229 4356 comitum
2257 4315 2543 4367 quemque,

401 4396 526 4445 vide
546 4400 727 4447 textus
755 4398 809 4447 in
837 4397 1132 4462 appendice
1158 4398 1180 4449 1
1212 4398 1423 4447 relatos.-
