3488 5421
1377 644 1460 662 ...
1502 614 1576 673 27
1618 645 1698 661 .-

481 750 1096 842 praeficiebantur‚
1172 751 1493 842 deputati
1568 751 1990 826 dicebantur
2035 777 2052 824 ε
2103 753 2602 846 deputatorum

481 874 977 947 centurionum
1006 875 1341 947 nonnulli
1371 883 1654 949 exstant
1683 877 1874 949 tituli
1909 874 2037 973 (1).
2066 879 2605 969 Deputabantur

482 998 745 1071 milites
794 994 886 1094 (2)
936 1017 1223 1090 quoque
1261 1006 1331 1072 et
1367 1007 1656 1091 agentes
1695 1003 1772 1074 in
1806 1002 2018 1074 rebus
2067 998 2194 1097 (5).
2239 1003 2447 1074 Recte
2483 1003 2607 1094 igi-

481 1129 598 1194 tur
634 1123 969 1195 Notitiam
1008 1123 1432 1215 dignitatum
1484 1126 1608 1216 qui
1653 1127 1939 1217 scripsit
1977 1127 2075 1199 ita
2114 1127 2391 1199 locutus
2432 1134 2541 1199 est
2584 1148 2600 1199 t

495 1276 525 1313 «ι
592 1250 739 1321 Sub
788 1249 1260 1341 dispositione
1312 1251 1649 1323 comitum
1713 1251 2264 1324 domesticorum
2319 1252 2608 1325 fuerunt

481 1372 835 1444 domestici
867 1374 1159 1466 equiteS‚
1200 1374 1562 1445 domestici
1588 1374 1870 1467 pedites
1919 1372 2034 1470 [id
2071 1383 2180 1449 est
2217 1379 2341 1468 qui
2380 1379 2455 1447 in
2498 1395 2605 1449 so-

484 1498 695 1570 dibus
728 1500 878 1571 suis
916 1499 1183 1573 circave
1221 1508 1600 1592 augustum
1632 1501 1944 1583 stabant,
1978 1502 2102 1592 qui
2136 1501 2212 1593 zjn
2232 1500 2600 1594 proesenti,

473 1622 931 1714 praesentales
958 1621 1196 1720 erant]
1243 1622 1371 1718 (4),
1417 1632 1486 1697 et
1524 1624 1846 1716 deputati
1878 1644 2124 1698 eorum
2167 1653 2199 1692 ιι
2221 1681 2238 1698 .

499 1742 503 1747 ’
579 1751 845 1820 Horum
864 1751 1306 1840 negotiorum
1330 1750 1657 1841 quaedam
1680 1751 2007 1840 exempla
2023 1751 2385 1823 afferenda
2405 1758 2598 1823 sunt.

580 1875 850 1963 Corpus
906 1874 1305 1946 Constantii
1358 1876 1617 1947 mortui
1670 1874 2052 1957 JovianuS‚
2097 1892 2319 1965 quum
2372 1872 2609 1947 adhuc

473 2003 832 2090 protector
895 1996 1312 2070 domesticus
1385 2007 1573 2072 esset
1598 2054 1614 2081 ‚
1675 1998 2371 2089 Constantinopolim
2445 1998 2606 2069 vehi

482 2124 771 2195 curavit.
810 2123 890 2193 In
930 2140 1012 2194 eo
1054 2142 1266 2194 curru
1306 2123 1564 2207 stabat,
1613 2142 1755 2214 quo
1795 2123 2244 2214 imperatoris
2284 2122 2611 2212 reliquiae

482 2247 891 2319 ferebantur
935 2272 950 2317 ε
997 2247 1360 2337 iidemque
1418 2248 1727 2319 honores
1796 2253 2097 2338 augusto
2151 2246 2485 2318 defuncto
2540 2253 2609 2318 et

483 2373 636 2461 ejus
676 2371 1068 2443 domestico
1095 2370 1579 2443 reddebantur
1617 2369 1746 2465 (5).
1780 2370 2086 2443 Ministri
2118 2370 2333 2461 igitur
2372 2386 2608 2441 rerum

465 2496 888 2589 ‘funebrium
924 2496 1272 2588 principis
1318 2497 1505 2569 inter
1543 2496 1977 2567 domesticos
2027 2493 2389 2567 interdum
2431 2493 2607 2565 deli-

483 2621 863 2714 gebantur,
909 2640 1069 2713 quae
1125 2620 1394 2693 functio
1447 2621 1734 2713 publica
1791 2620 2082 2710 quidem
2143 2617 2269 2690 sed
2315 2617 2609 2708 privatis

484 2746 852 2818 simillima
886 2753 1059 2819 erat.

580 2870 799 2942 Multo
841 2871 1065 2961 magis
1097 2871 1188 2942 ad
1229 2890 1376 2943 rem
1415 2870 1774 2962 publicam
1809 2870 2173 2960 negotium
2205 2866 2613 2960 pertinebat

484 2994 677 3085 quod
734 2995 1195 3067 Constantius
1254 2996 1652 3068 Herculano
1678 3050 1694 3076 ‚
1755 2992 2143 3086 protectori
2198 2989 2605 3074 domestico,

483 3116 870 3189 mandavit.
921 3119 1087 3203 Ille,
1133 3120 1331 3191 Gallo
1381 3118 1756 3201 diffidens,
1801 3118 2279 3191 Herculanum
2328 3116 2420 3187 ad
2472 3120 2604 3188 ca'e-

484 3259 714 3314 sarem
773 3249 1039 3315 secreto
1095 3243 1617 3316 observandum
1670 3241 1866 3313 misit
1915 3266 1932 3310 :
1977 3239 2066 3311 de
2108 3240 2310 3330 cujus
2359 3236 2609 3328 coeptis

485 3366 812 3458 quaedam
844 3375 1032 3439 certa
1070 3373 1463 3458 protectore
1499 3366 1848 3439 referente
1868 3420 1886 3446 ‚
1926 3370 2203 3437 revocat
2240 3362 2333 3436 ad
2370 3380 2448 3435 se
2486 3381 2610 3434 au-

483 3497 732 3583 gustus
769 3497 1099 3582 nepotem
1148 3488 1277 3586 (6).

542 3738 615 3802 (l)
639 3737 688 3788 G.
721 3740 754 3787 i.
785 3739 847 3800 l.‚
882 3736 957 3789 VI
977 3774 989 3798 ,
1023 3737 1175 3798 3557,
1206 3737 1359 3801 35583
1392 3736 1675 3800 WilmanS,
1710 3736 1848 3797 1498,
1886 3734 2030 3799 16:393
2057 3737 2129 3788 cf.
2159 3735 2345 3786 Albert
2372 3733 2609 3795 Mueller,

483 3826 775 3878 Centuriones
802 3827 1008 3889 deputati
1032 3827 1328 3891 (Philoloqns,
1361 3827 1499 3885 1882,
1530 3827 1683 3889 xcv),
1715 3841 1767 3891 p.
1794 3824 1885 3876 494
1914 3839 2028 3889 sqq.

545 3916 617 3979 (2)
639 3913 924 3977 Vegetiu8‚
947 3914 1004 3978 2,
1040 3914 1112 3966 19.
1650 3917 1659 3926 ’

541 4003 610 4069 (3)
637 4004 817 4055 Notitia
841 4005 967 4066 dian.
995 4018 1083 4067 or„
1116 4004 1283 4066 11‚11;
1315 4019 1429 4062 occ..
1461 4004 1561 4067 9,9,
1595 4003 1780 4058 Seeck.

543 4093 614 4155 (4)
641 4092 690 4144 G.
716 4095 781 4154 1.,
810 4092 858 4149 2,
890 4091 937 4154 7,
968 4091 1030 4142 27
1056 4113 1067 4142 2
1098 4094 1363 4145 Inar-andos
1384 4094 1733 4158 praesentationes
1758 4093 2044 4154 dommim,-
2067 4090 2119 4144 G.
2145 4094 2284 4153 just„
2319 4089 2395 4152 12,
2429 4089 2503 4148 Π,
2537 4088 2567 4138 4
2600 4110 2610 4137 ι

481 4183 827 4233 Domesticorum
845 4183 1182 4245 praeoentalium
1197 4201 1212 4244 ,-
1242 4183 1291 4234 G.
1321 4185 1408 4245 th„
1438 4183 1490 4243 6,
1516 4183 1596 4246 24,
1635 4183 1653 4233 l
1690 4203 1701 4232 ι
1734 4185 1864 4234 Junci
1888 4185 1937 4233 in
1960 4184 2179 4247 prasenti
2206 4194 2315 4233 me.

545 4272 617 4335 (5)
644 4271 825 4322 Amm.
855 4270 1038 4333 Marc„
1059 4272 1139 4334 21,
1176 4272 1248 4329 16.
1275 4272 1356 4323 20.
1379 4271 1457 4326 21.

548 4359 613 4425 (6)
644 4360 822 4410 Amm.
851 4358 1033 4426 Marc„
1075 4360 1147 4423 14,
1182 4360 1259 4423 10,
1282 4361 1329 4411 2.
