3488 5421
36 3571 39 4498 -ffiff-fflffi—.——ffiss
36 3459 39 3556 .-w
35 3343 57 3424 u...
35 3173 59 3324 ‘ff-
36 2909 39 3156 -tffissffi

1388 648 1709 709 ...59-

585 787 756 872 Quae
820 792 1059 858 autem
1117 785 1273 857 lues
1342 804 1490 858 non
1567 786 1647 858 in
1712 786 1986 870 curiaS,
2041 804 2188 858 non
2239 787 2318 857 in
2382 785 2615 858 officia

487 908 724 992 modo,
770 908 899 980 sed
939 915 1007 980 et
1049 908 1122 980 in
1160 916 1389 982 castra
1429 908 1815 999 irrepebat.
1863 911 2016 996 Quo
2064 916 2384 1001 tempore
2421 908 2614 982 Stili-

486 1033 618 1104 cho
673 1031 1032 1104 labantem
1087 1032 1370 1124 imperii
1424 1033 1881 1125 disciplinam
1935 1035 2058 1106 illo
2109 1034 2346 1126 vigore
2400 1033 2609 1107 resti-

488 1164 683 1229 tuere
738 1157 1074 1241 tentavit,
1140 1165 1431 1249 propter
1499 1176 1712 1249 quem
1774 1158 2071 1230 ultimus
2133 1159 2613 1229 Romanorum

489 1280 745 1372 dignus
785 1288 894 1354 est
928 1282 1315 1373 appellari,
1357 1284 1434 1353 in
1474 1301 1775 1354 numero
1816 1301 1901 1355 ex
1941 1283 2458 1373 protectoribus
2495 1284 2610 1354 in-

488 1405 678 1476 venit
714 1412 1086 1478 veteranos
1139 1407 1263 1497 qui
1316 1434 1346 1471 ‹
1404 1407 1591 1479 inter
1630 1408 1923 1480 exordia
1967 1407 2281 1490 militiae,
2324 1408 2402 1478 in
2455 1408 2614 1498 ipso

488 1527 716 1601 aetatis
755 1529 931 1601 flore
968 1555 1000 1594 ι
1036 1584 1054 1613 ,
1096 1530 1618 1603 testimoniales
1660 1531 1908 1603 fraude
1959 1531 2099 1603 sibi
2150 1537 2609 1623 paraverant,

486 1654 789 1725 honesta
848 1653 1196 1726 missione
1257 1655 1459 1746 prius
1523 1662 1808 1746 accepta
1877 1674 2093 1746 quam
2155 1656 2364 1728 hoste
2429 1655 2608 1727 viso.

487 1780 676 1849 Dura
725 1778 841 1851 lex
879 1779 956 1849 in
988 1796 1110 1850 eos
1148 1777 1292 1851 lata
1339 1775 1467 1872 (1),
1506 1778 1635 1850 sed
1673 1778 2165 1869 nequidquam
2208 1779 2375 1851 lata.
2413 1779 2614 1851 Prin-

491 1902 769 1994 cipibus
847 1903 1039 1975 enim
1129 1903 1693 1976 concedentibus
1720 1960 1736 1986 ‚
1820 1903 2240 1994 ingravescit
2313 1902 2607 1974 malum.

490 2030 833 2115 Quartum
893 2029 1042 2119 jam
1101 2027 1314 2101 officii
1365 2047 1638 2101 annum
1686 2035 2307 2120 non,exspectant
2356 2045 2610 2099 nume-

485 2151 652 2224 rarii
726 2148 869 2246 (2);
940 2151 1242 2224 curiales
1299 2152 1566 2223 curiam
1631 2152 1997 2225 turmatim
2063 2152 2404 2224 deserunt
2479 2146 2608 2245 (5).

487 2277 842 2349 Continuo
881 2277 1071 2367 leges
1112 2283 1358 2348 contra
1405 2296 1655 2348 omnes
1695 2277 2066 2359 feruntur3
2112 2277 2385 2348 ultimis
2426 2277 2610 2347 occi-

485 2401 792 2473 dentalis
832 2402 1114 2492 imperii
1155 2402 1408 2480 annis,
1453 2401 1731 2473 codices
1784 2402 2039 2482 silent,
2084 2420 2231 2472 non
2271 2403 2443 2491 quia
2500 2401 2615 2472 lex

483 2526 670 2608 vicit,
708 2526 837 2598 sed
875 2527 1047 2616 quia
1082 2528 1263 2599 victa
1302 2533 1434 2599 est.
1479 2528 1732 2598 Nonne
1772 2525 1992 2608 enim,
2041 2533 2246 2598 aetate
2278 2526 2613 2616 justinia-

485 2668 642 2737 nea‚
688 2652 901 2725 etiam
941 2651 1259 2725 advocati
1299 2652 1512 2725 binos
1552 2652 1739 2724 viros
1781 2670 1910 2724 suo
1950 2670 1989 2724 e
2028 2651 2387 2724 consortio
2426 2670 2608 2741 quo-

485 2795 625 2869 que
685 2794 880 2848 anno
952 2777 1267 2868 eligunt,
1338 2784 1417 2849 ut
1482 2777 1668 2851 inter
1742 2777 2172 2849 domesticos
2244 2776 2611 2850 honorarii
2696 2786 2698 2788 ’

480 2903 792 2974 serviant
840 2898 990 2994 (4)‘?

479 3182 556 3239 40,
580 3182 665 3238 382
694 3183 802 3231 dux
823 3181 1026 3232 Moesiae
1046 3183 1249 3245 primae,
1277 3183 1352 3240 4¹,
1378 3184 1429 3232 41
1456 3206 1466 3240 ;
1494 3185 1603 3233 dux
1628 3183 1803 3234 Daciae
1824 3185 2068 3246 ripensis,
2100 3183 2174 3238 42,
2202 3182 2276 3230 45.
2303 3181 2609 3244 Legendum

479 3277 557 3321 est
587 3291 598 3319 z
630 3271 852 3334 Completa
885 3272 1056 3321 militia
1086 3273 1275 3332 adorat,
1311 3278 1561 3336 protector,
1602 3286 1737 3327 non.
1775 3278 1832 3321 ut
1872 3273 1925 3320 in
1957 3271 2259 3326 coclicibuS,
2288 3274 2605 3331 protectorem.

541 3361 608 3426 (1)
637 3362 685 3413 G.
719 3363 809 3422 th„
835 3361 881 3423 7,
908 3361 986 3421 20,
1026 3361 1099 3410 12.

537 3451 608 3516 (2)
638 3451 688 3502 G.
720 3453 804 3510 th„
833 3453 878 3513 8,
911 3452 959 3512 7,
985 3451 1014 3502 9
1046 3451 1173 3516 (366)
1200 3474 1212 3509 ς
1244 3452 1293 3513 8,
1326 3453 1366 3508 1,
1404 3453 1455 3502 13
1479 3453 1647 3515 (382);
1677 3455 1724 3506 8,
1763 3451 1817 3506 lg
1846 3450 1898 3500 17
1923 3451 2072 3516 (433).

543 3541 608 3606 (3)
636 3541 689 3593 G.
716 3543 800 3597 th..
834 3541 907 3603 12,
944 3544 986 3603 1,
1016 3541 1078 3593 88
1105 3541 1264 3605 (382);
1297 3542 1343 3604 7,
1368 3542 1449 3605 21,
1485 3543 1514 3592 3
1543 3542 1705 3605 (396);
1747 3541 1816 3602 12,
1856 3543 1896 3596 1.
1927 3542 2011 3592 153
2042 3540 2193 3607 (397).

541 3630 612 3696 (4)
640 3629 689 3683 G.
723 3633 860 3693 just„
890 3631 944 3691 2,
970 3631 1027 3691 7,
1060 3630 1148 3688 25,
1174 3631 1202 3680 3
1235 3631 1364 3694 (519)
1395 3652 1406 3681 :
1437 3633 1574 3682 Binos
1598 3632 1796 3681 homines
1828 3633 1963 3682 annis
1986 3631 2179 3693 singulis
2211 3632 2369 3681 itidem
2397 3632 2614 3693 offerendi

478 3725 680 3771 nostram
702 3721 968 3771 adoraturos
993 3733 1258 3784 purpuram.
