3488 5421
1840 617 1919 628 ...
1962 582 2040 645 38
2078 615 2161 630 ..-

936 722 1184 793 litibus
1243 720 1467 791 factus
1517 726 1624 792 est
1680 718 1809 813 (1).
1868 722 2021 805 Quo
2060 727 2381 809 tempore
2418 720 2753 810 magister
2789 719 3067 790 militiae

937 845 1317 916 Gerontius
1357 858 1748 934 purpuram
1779 843 1929 915 filio
1962 860 2093 913 suo
2124 835 2389 923 induit,
2425 843 2543 913 hic
2579 842 2656 912 in
2693 842 2962 932 palatio·
2987 850 3069 913 ut

937 965 1347 1036 domesticus
1384 966 1792 1037 merebatur
1829 962 1957 1058 (2).

1037 1090 1288 1162 Caeteri
1339 1092 1654 1180 corporis
1707 1090 2039 1161 custodes
2093 1088 2357 1161 milites
2413 1095 2619 1160 erant
2679 1089 2802 1178 qui
2866 1089 3070 1178 prius

942 1214 1183 1284 omnia
1222 1213 1582 1304 stipendia
1634 1215 1913 1285 minora
1950 1214 2260 1285 fecerant
2298 1229 2514 1302 quam
2557 1212 2651 1284 ad
2702 1213 2895 1283 illam
2939 1230 3063 1284 su-

942 1357 1258 1430 premam
1299 1338 1743 1429 dignitatem‚
1791 1340 1983 1428 longi
2021 1337 2291 1409 laboris
2330 1338 2674 1427 pretium,
2703 1338 3063 1427 ‘provehe-

941 1462 1230 1533 bantur.
1299 1489 1328 1525 «
1390 1463 1471 1532 In
1520 1462 1837 1534 terrestri
1887 1462 2146 1533 militia
2183 1487 2214 1525 n
2239 1515 2256 1544 ‚
2301 1480 2515 1552 quam
2571 1460 2742 1532 dum
2797 1460 3070 1532 coelesti

943 1586 1221 1656 militiae
1250 1592 1637 1676 comparat,
1670 1585 1918 1657 scribit
1948 1583 2294 1656 Paulinus
2323 1584 2633 1655 nolanus
2662 1584 3066 1674 episcopuS,

957 1736 988 1773 «ι
1028 1709 1272 1780 soletis
1311 1711 1388 1780 in
1426 1710 1608 1780 votis
1649 1709 1914 1781 babere
1954 1711 2140 1780 hanc
2178 1706 2390 1780 officii
2428 1708 2953 1799 promotionem
2992 1713 3073 1778 ut

940 1837 1362 1923 protectores
1400 1831 1811 1903 efficiamini
1858 1829 1953 1924 (5)
2014 1859 2043 1895 n
2068 1886 2084 1902 .
2138 1831 2418 1903 lisdem·
2454 1831 2673 1902 ferme
2709 1830 2944 1903 verbis
2983 1828 3073 1901 de

944 1955 1297 2026 militibus
1338 1957 1656 2044 loquitur
1684 1958 2070 2046 imperator
2102 1955 2423 2044 quidam,
2481 1981 2511 2018 a
2553 1973 2734 2045 quos
2771 1960 3074 2046 peractae

945 2077 1222 2150 militiae
1262 2080 1498 2161 labor,
1543 2080 1843 2151 decurso
1901 2079 2421 2171 stipendiorum
2468 2079 2760 2162 ordine,
2804 2083 3073 2171 protec-

942 2198 1115 2269 toris
1152 2201 1425 2273 honore
1467 2204 1854 2274 cumulavit
1899 2199 1992 2296 (4)
2040 2230 2110 2273 ».

1044 2324 1291 2396 Fiebat
1321 2344 1844 2416 nonnunquam
1877 2333 2117 2397 tamen
2147 2334 2226 2398 ut
2254 2326 2428 2398 citra
2454 2325 2779 2397 ordinem
2810 2323 3073 2414 aliquis

948 2450 1303 2519 consortio
1350 2455 1827 2539 protectorum
1867 2444 2311 2539 jungeretur.
2366 2448 2697 2521 Nondum
2742 2448 2911 2519 ullis
2950 2447 3074 2517 sti-

944 2570 1230 2660 pendiis
1269 2572 1491 2643 functi
1521 2578 1724 2643 erant
1766 2574 2093 2643 Justinus
2125 2574 2431 2662 >ejusque
2469 2572 2763 2644 comites
2788 2625 2805 2653 ‚
2852 2588 3073 2659 quum

947 2713 1068 2765 eos
1107 2696 1530 2767 Anastasius
1572 2696 1869 2767 inscribi
1918 2697 2347 2778 matriculis,
2391 2702 2679 2788 propter
2732 2694 3073 2766 eximium

949 2835 1244 2906 corpus,
1283 2818 1502 2907 jussit
1549 2814 1677 2913 (5).
1722 2820 2102 2891 Ammiano
2143 2820 2204 2891 si
2253 2820 2650 2902 credimus,
2695 2819 3073 2890 Gratianus

949 2941 1176 3030 major
1213 2942 1636 3032 protectoris
1673 2943 2089 3032 dignitatem
2131 2950 2501 3015 assecutus
2540 2950 2687 3029 est,
2733 2942 2824 3014 ob
2879 2968 2910 3005 α
2950 2940 3078 3011 mi·

948 3064 1151 3134 litum
1212 3083 1410 3175 more
1471 3066 1790 3138 luctandi
1844 3067 2173 3157 peritiam
2250 3064 2343 3162 (6)
2418 3094 2487 3138 ».
2559 3068 2797 3139 Fortia
2862 3064 3074 3136 modo

949 3189 1367 3278 egregiaque
1425 3208 1721 3281 corpora
1783 3192 1966 3262 circa
2025 3191 2490 3282 imperatores
2530 3198 2734 3264 'stare
2786 3197 3070 3282 oporte-

946 3311 1070 3382 bat
1116 3308 1245 3405 (7).

1008 3538 1076 3599 (1)
1103 3537 1301 3595 Amm„
1330 3537 1409 3599 25,
1434 3539 1480 3599 5,
1514 3539 1558 3589 4.
1587 3539 1646 3596 83
1680 3540 1821 3600 ZOS„
1855 3541 1905 3602 3,
1939 3539 2019 3593 30.
2538 3596 2543 3600 ,

1011 3624 1078 3687 (2)
1106 3624 1367 3690 Excerpta
1395 3642 1463 3676 ex
1492 3627 1873 3691 Olympiodoro
1893 3666 1907 3690 ‚
1933 3630 2016 3677 ed.
2044 3632 2226 3690 bonu„
2255 3644 2310 3693 p.
2340 3629 2428 3680 451
2460 3649 2472 3679 ε
2503 3631 2753 3694 Μάξιμον,
2781 3632 2867 3681 τὸν
2897 3633 3079 3681 ἑαυτοῦ

947 3717 1129 3775 παῖδα,
1154 3718 1220 3773 εἰς
1243 3719 1329 3777 τὴν
1355 3724 1453 3767 τῶν
1483 3719 1788 3783 δομεστίκων
1816 3721 1949 3777 τάξιν
1978 3722 2236 3770 τελοῦντα.
2787 3747 2792 3751 ·

1010 3802 1080 3865 (3)
1110 3802 1309 3867 Migne,
1342 3806 1478 3856 Patr.
1512 3808 1616 3868 lat„
1646 3806 1799 3868 LXI,
1830 3822 1883 3869 p.
1915 3806 2006 3857 304
2033 3809 2083 3856 b.

1014 3893 1082 3955 (4)
1111 3893 1160 3944 G.
1195 3895 1280 3953 th„
1313 3895 1387 3951 13,
1425 3894 1465 3956 1,
1497 3895 1570 3947 14.
1601 3892 1679 3945 Cf.
1719 3893 1790 3956 13,
1830 3895 1872 3952 l.
1903 3895 1964 3956 73
1995 3893 2401 3958 Symmachum,
2431 3897 2539 3959 Ep..
2562 3896 2621 3958 3,
2643 3894 2735 3956 673
2769 3894 3079 3955 sulianum.

949 3983 1053 4045 Ep„
1081 3982 1161 4031 2‘2.

1013 4071 1079 4135 (5)
1112 4070 1428 4135 Procopius.
1458 4073 1721 4133 Anecdota,
1753 4072 1834 4122 ed.
1871 4074 2028 4121 bonn.
2048 4110 2060 4129 ,
2096 4071 2204 4140 111,
2234 4088 2287 4136 p.
2320 4072 2408 4136 43,
2439 4073 2545 4123 nisi
2575 4074 2711 4124 forte
2736 4073 2793 4123 in
2822 4072 3082 4124 domesti-

948 4173 1159 4220 corum,
1191 4174 1295 4209 non
1326 4161 1382 4212 in
1408 4160 1811 4211 candidatorum
1840 4162 2047 4211 scholas
2075 4163 2273 4225 recepti
2304 4163 2517 4212 fuerint.

1014 4248 1082 4312 (6)
1107 4247 1185 4305 30.
1217 4249 1265 4304 ’7.
1295 4249 1344 4300 3.

1009 4336 1082 4403 (7)
1107 4335 1188 4390 Cf.
1217 4336 1530 4402 Gorippum,
1563 4340 1622 4389 De
1647 4339 1856 4391 laudibus
1878 4340 2053 4391 Justini
2070 4341 2289 4402 minoris,
2314 4341 2362 4402 3,
2394 4340 2501 4391 171.
2534 4339 2639 4391 172.
