3488 5421
1779 571 2095 635 ..70-

864 716 1186 808 peditum
1233 711 1362 806 (1).
1428 713 1639 796 Anno
1692 715 1827 784 451
1867 765 1884 794 ,
1933 710 2077 782 duo
2128 707 2414 781 comites
2461 707 3000 781 domesticorum

865 839 1013 931 (sic
1065 837 1488 930 simpliciter
1532 830 2069 929 appellantur),
2140 833 2520 925 Sporacius
2588 840 2658 905 et
2706 833 2952 907 Aetius
2976 888 2994 917 ‚

868 962 1168 1038 concilio
1222 961 1779 1035 chalcedonensi
1835 958 2199 1031 intersunt
2225 1013 2242 1042 ,
2298 958 2640 1049 uterque,
2692 965 2773 1030 ut
2809 957 3001 1030 vide-

869 1097 1010 1171 tur,
1067 1089 1159 1159 ab
1212 1086 1511 1159 orientis
1549 1091 1853 1176 augusto
1892 1083 2248 1157 Marciano
2289 1082 2557 1154 missus
2606 1079 2699 1177 (2)
2727 1135 2745 1165 ,
2787 1083 2996 1153 item-

871 1230 1011 1303 que
1078 1211 1488 1303 Sporacius
1536 1208 1614 1281 in
1691 1209 1845 1299 lege
1911 1205 2192 1279 Codicis
2260 1204 2644 1297 justiniani
2715 1211 3003 1278 vocatur

878 1355 1106 1408 comes
1139 1332 1679 1404 domesticorum
1704 1330 2037 1425 peditum
2072 1327 2212 1424 (5).
2256 1331 2465 1403 Anno
2508 1333 2674 1412 517,
2721 1331 3002 1402 Flavius

870 1459 1295 1534 Anastasius
1345 1458 1421 1532 in
1470 1459 1808 1550 diptycho
1845 1477 2072 1528 comes
2109 1453 2648 1526 domesticorum
2695 1453 3004 1548 equitum

869 1585 1270 1678 appellatur
1306 1580 1454 1676 (4);
1499 1589 1607 1667 at,
1652 1583 1849 1655 haud
1886 1582 2113 1654 multo
2146 1587 2336 1673 post,
2379 1599 2570 1654 anno
2614 1582 2751 1651 525
2777 1634 2795 1663 ‚
2841 1580 3004 1652 Phi-

873 1714 1178 1785 loxenus
1213 1730 1437 1781 comes
1468 1707 2013 1780 domesticorum
2052 1709 2377 1781 omnium
2417 1706 2553 1781 fuit
2598 1704 2726 1801 (5).
2772 1707 3000 1778 Inter-

874 1836 1046 1910 dum
1090 1835 1306 1928 igitur
1352 1832 1638 1908 duobus
1664 1888 1682 1917 ‚
1726 1838 1801 1906 at
1837 1831 2102 1924 saepius
2140 1831 2269 1905 uni
2313 1832 2464 1905 viro
2505 1832 2843 1904 comitiva
2869 1830 3000 1904 do-

874 1959 1332 2034 mesticorum
1380 1957 1861 2030 mandabatur
1896 1954 2038 2051 (6).

909 2088 913 2093 ’
981 2081 1141 2152 Viri
1196 2079 1582 2154 clarissimi
1639 2099 1922 2172 semper
1977 2085 2183 2154 erant
2232 2080 2526 2154 comites
2584 2079 3007 2154 domestico-

876 2225 1033 2280 rum
1058 2231 1075 2279 :
1101 2224 1317 2299 quem
1341 2224 1507 2280 vero
1530 2206 1718 2279 inter
1743 2204 2180 2279 clarissimos
2210 2206 2510 2297 gradum
2536 2205 3010 2280 obtinebant?

879 2333 1087 2406 Anno
1151 2333 1292 2403 572
1356 2330 1462 2404 sic
1520 2337 2035 2405 enumerantur
2089 2329 2240 2401 oiri
2291 2329 2595 2401 illustres
2648 2332 2776 2426 qui
2824 2334 3011 2406 inter

878 2456 1335 2550 magistratus
1404 2456 1594 2529 viros
1673 2455 2111 2528 clarissimos
2185 2454 2400 2547 primi
2479 2454 2909 2530 incedebant
2985 2483 3003 2528 ε

876 2576 1237 2674 Praefecti
1256 2579 1612 2674 praetorio
1626 2635 1644 2662 ,
1683 2576 2082 2673 praefectus
2118 2576 2276 2649 urbi
2291 2634 2310 2664 ‚
2359 2599 2483 2649 ma
2483 2578 2696 2672 gistri
2737 2579 3014 2653 militiae

886 2705 951 2802 (e
1005 2705 1270 2799 quibus
1316 2705 1514 2798 prior
1549 2704 1942 2778 illustrium
1995 2702 2170 2778 ordo
2195 2758 2213 2790 ,
2261 2703 2488 2808 prior,
2545 2712 2624 2778 ut
2672 2705 3006 2791 aiebant,

892 2857 924 2895 ι
954 2829 1302 2923 quadriga
1337 2856 1368 2893 ι
1420 2828 1868 2919 constabat);
1920 2826 2259 2921 magister
2292 2827 2710 2923 officiorum
2726 2885 2745 2915 ‚
2789 2852 3013 2925 quoes-

880 2945 1033 3039 ιον,
1116 2974 1338 3025 comes
1413 2974 1802 3026 sacrarum
1878 2952 2354 3046 largitionum
2371 3008 2389 3037 ,
2462 2975 2689 3026 comes
2759 2976 3017 3027 rerum

943 3260 1013 3326 (1)
1044 3260 1220 3322 Quum
1251 3259 1521 3322 zosimae,
1560 3261 1645 3310 ad.
1684 3276 1731 3310 a.
1766 3259 1889 3323 409,
1924 3261 2010 3312 τὸν
2046 3265 2146 3311 τῶν
2172 3261 2359 3312 ἱππέων
2403 3263 2677 3325 ἡγούμενον
2708 3259 3015 3326 δομεστίκων

882 3353 1164 3412 memoret,
1192 3350 1250 3409 5,
1286 3348 1377 3412 47,
1406 3362 1602 3413 quum,
1638 3349 1705 3399 ad
1729 3349 1976 3400 eumdem
2001 3363 2074 3411 a.,
2103 3349 2245 3414 apud
2274 3347 2642 3410 sozomenum,
2673 3350 2723 3412 9,
2746 3352 2796 3413 8,
2827 3350 3016 3401 Ataul-

881 3437 1020 3503 phus
1042 3437 1261 3490 ‘vocetur
1278 3436 1474 3502 ἡγεμὼν
1495 3443 1595 3489 τῶν
1621 3440 1808 3489 ἱππέων
1826 3438 2132 3503 δομεστίκων
2156 3440 2487 3504 καλουμένων,
2512 3438 2825 3491 crediderim
2840 3444 3016 3490 tamen

885 3537 978 3581 eos
996 3540 1106 3579 non
1134 3525 1204 3578 de
1223 3526 1510 3578 comitibus
1530 3527 1951 3579 domesticorum
1973 3516 2213 3591 equitum
2237 3528 2319 3590 (eo
2338 3530 2575 3593 tempore
2592 3541 2777 3580 omnes
2802 3529 3018 3580 domes-

885 3617 980 3669 tici
1006 3616 1210 3681 equites
1242 3616 1444 3678 erant),
1470 3615 1564 3666 sed
1601 3615 1668 3666 de
1707 3616 1995 3668 comitibus
2027 3616 2471 3680 domesticorum,
2506 3618 2713 3670 scilieet
2743 3619 2979 3683 equitum
2999 3655 3016 3680 ,

885 3707 1062 3773 loqui,
1088 3700 1278 3756 oblitos
1303 3705 1467 3755 etiam
1493 3705 1882 3769 protectoribus
1910 3704 2132 3758 comites
2157 3719 2405 3771 praeesse.

951 3794 1017 3860 (2)
1045 3799 1174 3847 Acta
1197 3793 1383 3846 concilii
1412 3791 1613 3845 chalced.
1643 3809 1688 3845 a.
1717 3794 1829 3855 451,
1860 3810 1945 3859 ap.
1980 3793 2184 3857 Labbe,
2218 3799 2256 3849 t.
2288 3793 2385 3857 IV,
2415 3809 2469 3860 p.
2479 3795 2639 3884 1..574

947 3882 1293 3947 (3)c.j.‚12‚
1327 3881 1402 3944 17,
1433 3881 1481 3943 3,
1512 3882 1599 3933 ed.
1630 3881 1895 3948 Krueger.

947 3968 1023 4039 (45
1046 3969 1248 4036 Meyer,
1275 3989 1330 4037 p.
1356 3970 1436 4023 67.
1461 3991 1524 4017 =
1551 3971 1759 4036 c.i.1.,
1790 3970 1859 4036 V,
1890 3971 2031 4035 8120,
2064 3973 2118 4024 2.

914 4061 1022 4128 (5)
1045 4060 1247 4126 Meyer,
1277 4077 1332 4127 p.
1359 4060 1440 4113 74.
1464 4081 1528 4107 =
1551 4061 1602 4113 G.
1630 4061 1666 4112 ι’.
1687 4061 1764 4125 t,
1781 4058 1850 4124 V,
1878 4059 2025 4124 8120,
2055 4061 2104 4113 4.
2150 4063 2156 4068 ’

946 4150 1015 4215 (6)
1046 4148 1442 4216 chronographi
1477 4147 1749 4215 byzantini
1789 4150 1856 4201 de
1888 4149 2175 4203 comitibus
2214 4150 2590 4204 excubitorum
2626 4151 2750 4203 inde
2776 4168 2808 4203 a
2838 4151 2873 4204 J
2876 4154 3021 4204 usti

890 4241 1049 4292 niano
1087 4241 1376 4305 loquuntur
1414 4256 1427 4290 t
1463 4240 1606 4304 quod
1642 4252 1836 4291 nomen
1873 4253 1981 4291 non
2020 4235 2255 4304 publice'
2277 4239 2566 4293 comitibus
2604 4237 3022 4336 domesticorum

888 4329 1181 4383 adhibitum
1208 4330 1402 4394 tuisse,
1431 4343 1461 4382 e
1485 4328 1656 4381 titulis
1680 4332 1845 4430 patet.
1875 4325 1954 4381 ct.
1984 4330 2208 4397 append.
2244 4330 2270 4381 1
2301 4344 2348 4383 a.
2436 4326 2442 4333 '
2549 4331 2556 4340 ⁴
