3488 5421
1715 587 2036 647 ...42-

814 730 929 795 tus
970 722 1298 806 habetur,
1344 729 1506 812 post
1546 740 1708 793 eum
1751 722 1843 794 ad
1872 712 2317 792 tribunatum
2341 720 2640 814 legionis
2665 741 2946 813 promo-

817 853 1014 920 vetur
1051 844 1183 941 (1).
1216 847 1434 939 Atqui
1462 848 1822 939 plerique,
1851 855 2234 939 postquam
2263 855 2753 939 protexerunt,
2782 848 2944 921 facti

816 974 986 1041 sunt
1023 969 1296 1041 tribuni
1333 969 1724 1061 legionum,
1772 988 1901 1042 seu
1938 989 1977 1042 e
2012 970 2418 1061 legionibus
2457 970 2618 1053 orti,
2654 988 2783 1042 seu
2817 971 2951 1042 cla-

816 1091 1086 1164 rissimi
1118 1094 1417 1183 juvenes
1452 1101 1681 1166 erant.
1725 1093 2061 1167 Aurelius
2101 1094 2575 1178 Sabinianus,
2611 1095 2719 1166 vir
2756 1113 2949 1186 egre-

817 1215 1013 1306 giuS,
1053 1225 1469 1307 procurator
1504 1219 1824 1309 augusti,
1869 1237 1907 1290 e
1944 1225 2340 1310 protectore
2367 1218 2593 1291 factus
2633 1225 2783 1291 erat
2815 1219 2944 1289 tri-

817 1339 1059 1411 bunus
1096 1337 1190 1436 (2)
1208 1396 1224 1411 .
1250 1342 1500 1414 Fuisse
1526 1342 1993 1415 Maximinum
2021 1346 2279 1414 Dazam
2309 1342 2525 1415 tradit
2543 1342 2950 1414 Lactantius

832 1487 863 1525 ‹
905 1464 1291 1536 scutarium
1317 1520 1334 1549 ,
1374 1471 1845 1556 protectorem
1870 1519 1887 1548 ‚
1933 1466 2304 1538 tribunum
2353 1463 2448 1559 (5)
2494 1491 2526 1529 ›
2549 1519 2565 1535 .
2603 1466 2951 1537 Constan-

820 1586 966 1658 tius
1020 1587 1324 1661 Chlorus
1382 1590 1516 1662 fuit
1580 1617 1611 1654 01
1667 1597 2023 1681 protector
2084 1590 2441 1682 primum,
2492 1589 2661 1662 dein
2718 1588 2948 1661 tribu·-

821 1727 961 1782 nus
1009 1708 1103 1805 (4)
1152 1739 1222 1784 ιο.
1281 1712 1472 1786 Idem
1523 1713 1612 1785 de
1659 1715 1995 1786 Gratiano
2049 1716 2319 1804 majore
2365 1713 2577 1787 refert
2632 1713 2949 1785 Ammia-

821 1852 961 1906 nus
1007 1830 1136 1929 (5).
1182 1838 1373 1908 Inter
1408 1844 1841 1928 protectores
1876 1838 2323 1928 eligebantur
2356 1837 2584 1908 labari
2622 1833 2955 1909 custodes

833 1952 1100 2046 (labaro
1144 1956 1536 2051 praepositz)
1608 1957 1738 2053 (6),
1800 1977 1982 2050 quos
2040 1959 2418 2033 tribunitia
2470 1959 2781 2051 dignitas
2835 1975 2951 2029 or-

825 2081 1071 2153 nabat.

920 2206 1264 2278 Nonnulli
1306 2208 1598 2297 quidem
1622 2263 1640 2292 ,
1683 2227 1832 2279 non
1870 2191 2314 2281 tribunatum
2339 2262 2357 2290 ‚
2403 2208 2531 2280 sed
2565 2205 2957 2300 praefectu-

825 2351 994 2400 ram
1032 2329 1324 2429 leqionis
1360 2334 1535 2405 citra
1573 2334 1900 2406 ordinem
1939 2333 2382 2424 accipiebant
2426 2357 2443 2404 ε
2494 2333 2598 2404 sic
2631 2332 2958 2404 Valerius

828 2455 1226 2547 Thiumpus
1249 2454 1625 2547 praefectus
1652 2455 1987 2530 secundae
2015 2456 2319 2547 legionis
2351 2457 2793 2535 Herculianae
2825 2451 2917 2548 (7)
2935 2508 2954 2535 ‚

827 2580 1248 2663 Memmius,
1303 2580 1679 2671 praefectus
1749 2577 2286 2652 Lanciariorum
2362 2577 2456 2672 (8)
2528 2576 2690 2649 facti
2758 2582 2953 2649 sunt.

831 2703 1246 2794 Saepissime
1284 2723 1447 2775 vero
1500 2703 1984 2794 primipilares
2019 2701 2111 2774 ad
2151 2701 2642 2794 praefecturam
2690 2700 2961 2773 omisso

832 2827 1202 2900 tribunatu
1240 2827 1754 2919 perveniebant
1800 2823 1929 2920 (9).

932 2953 1063 3025 Per
1100 2951 1545 3024 tribunatum
1585 2959 1710 3023 aut
1755 2951 2246 3042 praefecturam
2298 2967 2386 3022 ex
2439 2949 2962 3041 protectoribus

887 3363 962 3426 (1)
990 3360 1223 3420 Hermen,
1255 3360 1396 3421 6767,
1426 3359 1568 3423 6947,
1600 3365 1700 3412 etc.
1731 3359 1812 3412 Cf.
1840 3361 2160 3425 Marquardt,
2187 3360 2642 3421 staatsverwaltunq,
2675 3360 2747 3420 11,
2771 3374 2823 3423 p.
2852 3356 2964 3409 366.

894 3449 964 3517 (2)
995 3452 1112 3514 Epa.
1140 3465 1230 3515 ep..
1249 3448 1345 3510 IV,
1364 3450 1496 3500 2562
1532 3451 1652 3502 Aur.
1681 3450 1953 3513 Sabiniani,
1978 3466 2026 3500 υ.
2058 3465 2117 3508 e..
2145 3450 2500 3513 Ρνοοωνατοτίε)
2528 3450 2798 3513 ἀπιοαηαηϊ)
2824 3461 2964 3510 prov.

833 3540 1051 3603 Dalmat„
1084 3540 1213 3602 trib„
1239 3545 1454 3603 proteo...

901 3630 968 3695 (3)
999 3631 1060 3682 De
1086 3635 1221 3681 mort.
1249 3643 1393 3693 pers..
1430 3628 1502 3680 19.

900 3721 971 3785 (4)
997 3719 1174 3770 Anou.
1200 3721 1384 3779 valeti„
1415 3718 1457 3776 l,
1497 3718 1540 3769 l.

898 3809 967 3874 (5)
991 3809 1070 3870 30,
1093 3805 1143 3865 7,
1170 3808 1239 3858 3:
1265 3810 1373 3859 Post
1395 3809 1666 3871 protectoris
1691 3808 1959 3870 dignitatem
1979 3812 2024 3858 et
2049 3807 2244 3858 tribuni.

917 3899 948 3949 6
995 3898 1046 3949 G.
1081 3899 1165 3958 th„
1271 3898 1350 3948 25.
2937 3915 2946 3920 -

897 3900 967 4052 {7}
996 3986 1046 4039 G.
1076 3989 1113 4037 ι’.
1132 3899 1356 4048 16111
1388 3985 1546 4049 6194;
1582 3987 1654 4037 cf.
1689 3986 1809 4050 Eph.
1840 3986 2003 4048 epiqr.‚
2041 3983 2127 4046 ΙΙ,
2155 3983 2294 4035 678.
2322 3984 2450 4047 Pref.
2481 3985 2568 4045 lea.
2597 3983 2649 4033 ΙΙ
2674 3980 2859 4049 A[²t91··
2889 3996 2967 4033 ex-

833 4083 955 4143 prot.

902 4168 969 4232 (8)
1001 4164 1213 4224 Gruter,
1241 4165 1351 4228 495,
1376 4165 1424 4215 3.

903 4257 970 4321 (9)
1005 4254 1084 4310 Cf.
1116 4254 1445 4316 wiltunam,
1477 4255 1590 4317 Ept.
1618 4268 1707 4317 ep„
1738 4256 1821 4307 11,
1850 4269 1901 4318 p
1933 4253 2020 4309 80·
2053 4252 2255 4315 Krabe,
2290 4254 2349 4303 De
2378 4252 2716 4304 centurionibus
2740 4251 2969 4302 Romano-

841 4361 941 4397 rum
967 4346 1234 4409 quastione
1262 4346 1558 4408 οριᾳταρὴίοω
1581 4343 1783 4408 (Halis,
1822 4343 1956 4405 1880,
1987 4345 2072 4392 in·
2076 4342 2143 4406 8),
2173 4356 2228 4405 p.
2262 4340 2336 4392 19.
