3488 5421
1364 588 1681 651 ...51—

553 730 672 800 111.
709 729 939 801 Terrae
967 726 1382 818 eaedemque
1410 730 1773 800 immunes
1802 729 1978 801 etin
2007 735 2432 821 perpetuum
2460 728 2588 801 im-

456 869 712 924 munes
749 849 1104 924 veteranis
1143 850 1432 941 publice
1466 850 1952 935 donabantur,
1990 870 2169 943 quas
2201 853 2353 925 suis
2384 853 2586 927 here-

455 974 1275 1047 dibustransmitterent
1312 971 1406 1069 (1)
1425 1029 1442 1046 .
1477 978 1731 1067 Magna
1762 975 2091 1048 subsidia
2120 995 2410 1067 quoque
2439 977 2585 1051 illis

456 1099 1050 1172 ministrabantur
1086 1099 1180 1171 ad
1216 1100 1520 1172 emenda
1556 1101 1747 1193 agris
1787 1101 2105 1175 colendis
2135 1101 2581 1175 necessaria:

456 1224 533 1296 in
585 1243 881 1296 nummo
951 1224 1178 1295 millia
1240 1224 1517 1297 follium
1584 1223 1836 1317 viginti
1896 1225 2221 1316 quinque
2282 1225 2584 1319 accipie-

455 1349 631 1421 bant
684 1345 812 1443 (2),
863 1348 939 1421 id
989 1357 1098 1421 est
1143 1356 1478 1422 sexcenta
1515 1350 1841 1440 quinque
1871 1356 1941 1422 et
1971 1350 2221 1442 viginti
2262 1349 2590 1423 denario-

458 1492 613 1545 rum
655 1472 884 1544 millia
928 1470 1058 1579 (5).
1100 1472 1303 1545 Adde
1339 1473 1515 1545 bina
1547 1473 1718 1565 juga
1742 1528 1761 1557 ,
1823 1481 2162 1547 centenos
2214 1474 2592 1564 utriusque

457 1597 675 1689 frugis
703 1594 1106 1690 (cerealium
1130 1615 1390 1688 nempe
1416 1604 1485 1669 et
1515 1593 1984 1689 leguminum)
2018 1594 2111 1692 (4)
2143 1596 2422 1670 modies
2455 1593 2551 1692 (5)
2569 1651 2587 1680 ,

459 1739 680 1811 quum
728 1720 961 1793 caeteri
1004 1722 1315 1794 veterani
1354 1722 1641 1813 singula
1670 1723 1843 1814 juga
1861 1777 1880 1805 ,
1924 1729 2263 1795 centenos
2312 1720 2593 1795 modios

458 1851 1087 1934 consequerentur.
1133 1844 1223 1916 At
1260 1844 1322 1916 si
1363 1845 1527 1936 quis
1569 1862 1655 1919 ex
1686 1844 2207 1935 protectoribus
2246 1859 2591 1917 commer-

460 1969 645 2041 cium
684 1987 1009 2042 exercere
1047 1970 1415 2061 cupiebat,
1459 1970 1685 2050 multo
1737 1970 2019 2042 minora
2065 1968 2440 2042 commoda
2477 1967 2596 2040 ob-

459 2094 732 2166 tinebat
777 2117 794 2165 t
839 2094 1334 2180 tantummodo
1385 2113 1656 2168 merces
1710 2114 1941 2186 usque
1993 2095 2087 2168 ad
2134 2101 2418 2167 centum
2458 2093 2590 2166 fol-

460 2218 637 2289 lium
711 2237 1067 2291 summam
1135 2219 1497 2291 immunes
1564 2220 2024 2293 transvehere
2092 2226 2371 2311 poterat
2437 2214 2533 2314 (6)
2572 2240 2590 2301 ;

462 2360 604 2432 quo
655 2350 975 2434 tempore
1023 2343 1420 2425 militabat,
1476 2343 1746 2433 majore
1792 2343 2090 2435 porto-rii
2142 2344 2598 2417 immunitate

459 2467 848 2539 fruebatur.
885 2467 1194 2559 Dignum
1227 2474 1335 2540 est
1364 2465 1596 2539 notari
1634 2484 1797 2538 cum
1833 2484 1976 2557 quo
2015 2465 2255 2539 studio
2291 2466 2597 2558 impera-

461 2598 649 2664 tores
686 2598 1057 2693 veteranos
1095 2590 1187 2663 ad
1226 2609 1432 2684 agros
1472 2589 1810 2664 colendos
1845 2591 2378 2682 compellerent.

559 2718 672 2789 IV.
730 2718 1104 2809 Corporeis
1157 2724 1226 2790 et
1273 2716 1587 2789 sordidis
1642 2715 2066 2792 muneribus
2115 2735 2202 2789 ex
2250 2722 2599 2807 protecto-

464 2841 664 2914 ribus
713 2848 1088 2914 veteranos
1135 2840 1486 2932 adstringi
1533 2837 1627 2934 (7)
1661 2894 1679 2925 ,
1734 2841 2152 2913 verberibus
2200 2837 2295 2935 (8)
2341 2839 2595 2913 incon⁶

462 2967 743 3059 gruisve
775 2966 1064 3057 injuriis
1102 2962 1196 3060 (9)
1233 2964 1507 3056 puniri,
1541 2966 1918 3038 tormentis
1958 2965 2171 3054 objici
2201 2964 2597 3038 vetabatur.

463 3090 980 3164 Constantinus
1020 3108 1109 3163 ex
1144 3090 1667 3183 protectoribus
1721 3089 1861 3162 sub
1914 3087 2206 3180 speciali
2247 3093 2601 3161 rectorum

534 3372 598 3436 (1)
622 3372 673 3423 G.
695 3373 784 3430 tlt..
806 3370 853 3430 7,
874 3371 956 3432 20,
986 3372 1015 3422 3
1041 3391 1054 3422 z
1080 3371 1305 3424 vacantes
1330 3377 1478 3423 term
1498 3371 1726 3434 accipiant
1748 3382 1904 3434 easque
1923 3374 2135 3433 perpetuo
2158 3369 2373 3419 mutum
2393 3366 2607 3420 habunt.

534 3460 601 3524 (2)
629 3461 679 3512 G.
721 3462 808 3523 th„
842 3460 900 3523 7,
939 3461 1001 3511 20
1022 3498 1035 3522 ,
1065 3461 1123 3518 3,
1162 3462 1245 3511 ed.
1282 3460 1467 3511 Haenel
1510 3480 1522 3509 z
1565 3460 1644 3511 Aa
1677 3460 1860 3511 moda
1895 3459 2022 3510 ruris
2058 3458 2311 3511 necessaria
2348 3458 2399 3508 in
2429 3470 2609 3512 nummo

464 3550 637 3610 viaimi
664 3552 852 3614 quinque
881 3551 1030 3600 millia
1054 3550 1237 3611 sollium
1264 3556 1609 3613 consequantur.

535 3638 601 3701 (3)
633 3637 712 3690 De
740 3641 946 3689 minore
970 3640 1082 3690 rolli
1098 3678 1110 3702 ‚
1143 3645 1200 3690 ut
1227 3640 1466 3700 videtur,
1500 3653 1530 3690 e
1561 3639 1754 3704 viginti
1775 3638 2007 3703 quinque
2035 3636 2266 3687 donariis
2298 3638 2605 3693 constante,

467 3741 577 3778 non
601 3728 668 3778 de
696 3732 921 3793 majore,
954 3733 1174 3781 centum
1202 3729 1450 3779 denarios
1476 3730 1701 3779 habente
1718 3766 1732 3784 ,
1764 3740 1851 3778 res
1876 3726 2073 3791 agitur.

536 3817 602 3878 (4)
639 3816 876 3880 Plinius,
906 3818 1031 3869 Hist.
1058 3823 1179 3879 nat„
1212 3818 1287 3873 18,
1316 3817 1440 3881 7(9),
1472 3816 1554 3868 48.

536 3905 604 3970 (5)
630 3905 681 3957 G.
713 3907 800 3967 th„
826 3905 876 3966 7,
907 3906 991 3966 20,
1024 3907 1072 3957 8.

531 3993 604 4059 (6)
632 3995 681 4048 G.
717 3996 813 4057 th„
844 3993 900 4053 7,
937 3994 1025 4058 20,
1052 3994 1081 4045 3
1114 4014 1126 4043 ι
1158 3996 1279 4046 Huic
1315 4000 1491 4047 centum
1516 3993 1698 4056 tollium
1724 4005 1939 4046 summam
1966 3994 2207 4044 immunem
2231 3989 2389 4042 habere
2417 3990 2614 4053 pemit-

471 4083 634 4136 timroe.
1362 4101 1365 4104 ·

535 4172 603 4238 (7)
634 4171 890 4223 Excusati
918 4174 1139 4237 palatini
1163 4188 1195 4223 a
1222 4173 1454 4223 sordidis
1482 4174 1825 4234 muneribuS,
1856 4172 1909 4224 G.
1942 4173 2030 4233 th„
2068 4169 2144 4232 11,
2173 4168 2248 4231 16,
2276 4169 2326 4219 6.

536 4261 605 4327 (8)
638 4262 689 4313 G.
722 4262 809 4324 th„
836 4260 889 4325 7,
915 4261 996 4324 20,
1028 4263 1079 4313 5.

536 4349 604 4415 (9)
634 4351 684 4401 G.
716 4352 805 4413 th„
839 4350 916 4412 12,
952 4350 994 4410 1,
1030 4350 1137 4402 153.
