<?xml version="1.0" encoding="UTF-8"?>
<!DOCTYPE html PUBLIC "-//W3C//DTD XHTML 1.0 Transitional//EN"
    "http://www.w3.org/TR/xhtml1/DTD/xhtml1-transitional.dtd">
<html xmlns="http://www.w3.org/1999/xhtml" xml:lang="en" lang="en">
 <head>
  <title>
</title>
<meta http-equiv="Content-Type" content="text/html;charset=utf-8" />
  <meta name='ocr-system' content='tesseract 3.04.00' />
  <meta name='ocr-capabilities' content='ocr_page ocr_carea ocr_par ocr_line ocrx_word'/>
</head>
<body>
  <div class='ocr_page' id='page_1' title='image "./deprotectoribus00jullgoog_0079.png"; bbox 0 0 3488 5421; ppageno 0'>
   <div class='ocr_carea' id='block_1_1' title="bbox 401 626 2529 861">
    <p class='ocr_par' dir='ltr' id='par_1_1' title="bbox 401 626 2529 861">
     <span class='ocr_line' id='line_1_1' title="bbox 1301 626 1620 690; baseline 0 -15"><span class='ocrx_word' id='word_1_1' title='bbox 1301 662 1382 675; x_wconf 89' lang='grc'>...</span> <span class='ocrx_word' id='word_1_2' title='bbox 1421 626 1498 690; x_wconf 77' lang='grc'>65</span> <span class='ocrx_word' id='word_1_3' title='bbox 1540 661 1620 675; x_wconf 88' lang='grc'>...</span> 
     </span>
     <span class='ocr_line' id='line_1_2' title="bbox 401 716 2529 861; baseline 0 -22"><span class='ocrx_word' id='word_1_4' title='bbox 401 766 811 840; x_wconf 89' lang='lat' dir='ltr'>scribuntur</span> <span class='ocrx_word' id='word_1_5' title='bbox 853 763 986 861; x_wconf 81' lang='lat'>(1).</span> <span class='ocrx_word' id='word_1_6' title='bbox 1032 768 1403 858; x_wconf 78' lang='lat' dir='ltr'><strong>Quemque</strong></span> <span class='ocrx_word' id='word_1_7' title='bbox 1444 716 1922 858; x_wconf 84' lang='lat' dir='ltr'>protectorum</span> <span class='ocrx_word' id='word_1_8' title='bbox 1963 767 2107 840; x_wconf 81' lang='lat' dir='ltr'>illae</span> <span class='ocrx_word' id='word_1_9' title='bbox 2146 766 2529 858; x_wconf 81' lang='lat' dir='ltr'>dignitates</span> 
     </span>
    </p>
   </div>
   <div class='ocr_carea' id='block_1_2' title="bbox 315 878 2530 984">
    <p class='ocr_par' dir='ltr' id='par_1_2' title="bbox 315 878 2530 984">
     <span class='ocr_line' id='line_1_3' title="bbox 315 878 2530 984; baseline -0 -20"><span class='ocrx_word' id='word_1_10' title='bbox 315 878 318 880; x_wconf 58' lang='grc'>’</span> <span class='ocrx_word' id='word_1_11' title='bbox 401 898 692 964; x_wconf 88' lang='lat' dir='ltr'>manent</span> <span class='ocrx_word' id='word_1_12' title='bbox 735 886 882 984; x_wconf 76' lang='grc'>(2),</span> <span class='ocrx_word' id='word_1_13' title='bbox 951 891 1095 963; x_wconf 91' lang='lat' dir='ltr'>nisi</span> <span class='ocrx_word' id='word_1_14' title='bbox 1135 909 1515 971; x_wconf 52' lang='lat' dir='ltr'>numeru&lt;a</span> <span class='ocrx_word' id='word_1_15' title='bbox 1562 892 1767 984; x_wconf 91' lang='lat' dir='ltr'>prius</span> <span class='ocrx_word' id='word_1_16' title='bbox 1819 908 2149 984; x_wconf 75' lang='lat' dir='ltr'>egressus</span> <span class='ocrx_word' id='word_1_17' title='bbox 2198 897 2348 977; x_wconf 90' lang='lat' dir='ltr'>est,</span> <span class='ocrx_word' id='word_1_18' title='bbox 2406 897 2530 964; x_wconf 94' lang='lat' dir='ltr'>aut</span> 
     </span>
    </p>
   </div>
   <div class='ocr_carea' id='block_1_3' title="bbox 399 1014 2536 1854">
    <p class='ocr_par' dir='ltr' id='par_1_3' title="bbox 399 1014 2536 1854">
     <span class='ocr_line' id='line_1_4' title="bbox 401 1014 2475 1108; baseline 0.001 -22"><span class='ocrx_word' id='word_1_19' title='bbox 401 1015 704 1088; x_wconf 86' lang='lat' dir='ltr'>honesta</span> <span class='ocrx_word' id='word_1_20' title='bbox 747 1014 1096 1087; x_wconf 85' lang='lat' dir='ltr'>missione</span> <span class='ocrx_word' id='word_1_21' title='bbox 1132 1020 1419 1105; x_wconf 90' lang='lat' dir='ltr'>accepta</span> <span class='ocrx_word' id='word_1_22' title='bbox 1445 1070 1463 1099; x_wconf 92' lang='lat'><strong><em>‚</em></strong></span> <span class='ocrx_word' id='word_1_23' title='bbox 1503 1022 1628 1088; x_wconf 92' lang='lat' dir='ltr'>aut</span> <span class='ocrx_word' id='word_1_24' title='bbox 1663 1015 1758 1088; x_wconf 94' lang='lat' dir='ltr'>ad</span> <span class='ocrx_word' id='word_1_25' title='bbox 1795 1015 2146 1108; x_wconf 92' lang='lat' dir='ltr'>regendos</span> <span class='ocrx_word' id='word_1_26' title='bbox 2182 1015 2475 1088; x_wconf 77' lang='lat' dir='ltr'><strong>milites,</strong></span> 
     </span>
     <span class='ocr_line' id='line_1_5' title="bbox 499 1128 2534 1235; baseline 0.001 -24"><span class='ocrx_word' id='word_1_27' title='bbox 499 1139 869 1227; x_wconf 83' lang='lat' dir='ltr'>Quomodo</span> <span class='ocrx_word' id='word_1_28' title='bbox 900 1139 978 1211; x_wconf 90' lang='lat' dir='ltr'>in</span> <span class='ocrx_word' id='word_1_29' title='bbox 1007 1139 1265 1212; x_wconf 86' lang='lat' dir='ltr'>civium</span> <span class='ocrx_word' id='word_1_30' title='bbox 1300 1128 1601 1235; x_wconf 72' lang='lat' dir='ltr'>collegia</span> <span class='ocrx_word' id='word_1_31' title='bbox 1622 1195 1640 1224; x_wconf 92' lang='lat'><strong><em>‚</em></strong></span> <span class='ocrx_word' id='word_1_32' title='bbox 1675 1140 1777 1212; x_wconf 91' lang='lat' dir='ltr'>ita</span> <span class='ocrx_word' id='word_1_33' title='bbox 1811 1140 1887 1213; x_wconf 97' lang='lat' dir='ltr'>in</span> <span class='ocrx_word' id='word_1_34' title='bbox 1922 1141 2240 1213; x_wconf 86' lang='lat' dir='ltr'>scholam</span> <span class='ocrx_word' id='word_1_35' title='bbox 2266 1147 2534 1233; x_wconf 88' lang='lat' dir='ltr'>protec-</span> 
     </span>
     <span class='ocr_line' id='line_1_6' title="bbox 402 1262 2532 1356; baseline 0.001 -21"><span class='ocrx_word' id='word_1_36' title='bbox 402 1270 634 1336; x_wconf 91' lang='lat' dir='ltr'>torum</span> <span class='ocrx_word' id='word_1_37' title='bbox 675 1263 738 1336; x_wconf 92' lang='lat' dir='ltr'>si</span> <span class='ocrx_word' id='word_1_38' title='bbox 778 1262 942 1354; x_wconf 86' lang='lat' dir='ltr'>quis</span> <span class='ocrx_word' id='word_1_39' title='bbox 981 1263 1269 1346; x_wconf 86' lang='lat' dir='ltr'>introit,</span> <span class='ocrx_word' id='word_1_40' title='bbox 1320 1264 1763 1356; x_wconf 90' lang='lat' dir='ltr'>primoribus</span> <span class='ocrx_word' id='word_1_41' title='bbox 1816 1263 2095 1336; x_wconf 84' lang='lat' dir='ltr'>ordinis</span> <span class='ocrx_word' id='word_1_42' title='bbox 2137 1264 2532 1355; x_wconf 84' lang='lat' dir='ltr'>sportulam</span> 
     </span>
     <span class='ocr_line' id='line_1_7' title="bbox 402 1387 2529 1481; baseline 0 -18"><span class='ocrx_word' id='word_1_43' title='bbox 402 1388 590 1463; x_wconf 91' lang='lat' dir='ltr'>dono</span> <span class='ocrx_word' id='word_1_44' title='bbox 621 1390 783 1463; x_wconf 74' lang='lat' dir='ltr'>datz</span> <span class='ocrx_word' id='word_1_45' title='bbox 816 1389 878 1461; x_wconf 92' lang='lat' dir='ltr'>si</span> <span class='ocrx_word' id='word_1_46' title='bbox 907 1389 1144 1473; x_wconf 80' lang='lat' dir='ltr'>mileS‚</span> <span class='ocrx_word' id='word_1_47' title='bbox 1165 1406 1313 1461; x_wconf 92' lang='lat' dir='ltr'>non</span> <span class='ocrx_word' id='word_1_48' title='bbox 1334 1390 1499 1481; x_wconf 93' lang='lat' dir='ltr'>plus</span> <span class='ocrx_word' id='word_1_49' title='bbox 1529 1407 1748 1481; x_wconf 86' lang='lat' dir='ltr'>quam</span> <span class='ocrx_word' id='word_1_50' title='bbox 1781 1387 2192 1481; x_wconf 88' lang='lat' dir='ltr'>quindecim</span> <span class='ocrx_word' id='word_1_51' title='bbox 2230 1387 2529 1474; x_wconf 86' lang='lat' dir='ltr'>solidos,</span> 
     </span>
     <span class='ocr_line' id='line_1_8' title="bbox 402 1512 2534 1605; baseline 0 -19"><span class='ocrx_word' id='word_1_52' title='bbox 402 1514 467 1587; x_wconf 91' lang='lat' dir='ltr'>si</span> <span class='ocrx_word' id='word_1_53' title='bbox 514 1513 957 1586; x_wconf 89' lang='lat' dir='ltr'>clarissimus</span> <span class='ocrx_word' id='word_1_54' title='bbox 1010 1512 1297 1604; x_wconf 87' lang='lat' dir='ltr'>juvenis</span> <span class='ocrx_word' id='word_1_55' title='bbox 1329 1566 1346 1594; x_wconf 94' lang='lat'><strong>,</strong></span> <span class='ocrx_word' id='word_1_56' title='bbox 1405 1531 1553 1585; x_wconf 91' lang='lat' dir='ltr'>non</span> <span class='ocrx_word' id='word_1_57' title='bbox 1610 1514 1850 1585; x_wconf 91' lang='lat' dir='ltr'>minus</span> <span class='ocrx_word' id='word_1_58' title='bbox 1903 1531 2120 1605; x_wconf 86' lang='lat' dir='ltr'>quam</span> <span class='ocrx_word' id='word_1_59' title='bbox 2176 1514 2534 1605; x_wconf 86' lang='lat' dir='ltr'>quinqua-</span> 
     </span>
     <span class='ocr_line' id='line_1_9' title="bbox 399 1620 2536 1731; baseline -0.001 -20"><span class='ocrx_word' id='word_1_60' title='bbox 399 1638 594 1730; x_wconf 83' lang='lat' dir='ltr'>ginta</span> <span class='ocrx_word' id='word_1_61' title='bbox 629 1637 954 1728; x_wconf 86' lang='lat' dir='ltr'>quinque</span> <span class='ocrx_word' id='word_1_62' title='bbox 994 1636 1265 1710; x_wconf 86' lang='lat' dir='ltr'>solidos</span> <span class='ocrx_word' id='word_1_63' title='bbox 1306 1620 1519 1710; x_wconf 90' lang='lat' dir='ltr'>debet</span> <span class='ocrx_word' id='word_1_64' title='bbox 1558 1638 1832 1710; x_wconf 84' lang='lat' dir='ltr'>solvere</span> <span class='ocrx_word' id='word_1_65' title='bbox 1870 1633 2000 1731; x_wconf 80' lang='grc'>(5).</span> <span class='ocrx_word' id='word_1_66' title='bbox 2035 1636 2385 1710; x_wconf 82' lang='lat' dir='ltr'>Videntur</span> <span class='ocrx_word' id='word_1_67' title='bbox 2416 1656 2536 1710; x_wconf 91' lang='lat' dir='ltr'>su-</span> 
     </span>
     <span class='ocr_line' id='line_1_10' title="bbox 399 1761 2536 1854; baseline -0.001 -18"><span class='ocrx_word' id='word_1_68' title='bbox 399 1762 917 1854; x_wconf 89' lang='lat' dir='ltr'>pernumerarii</span> <span class='ocrx_word' id='word_1_69' title='bbox 950 1762 1058 1834; x_wconf 85' lang='lat' dir='ltr'>vel</span> <span class='ocrx_word' id='word_1_70' title='bbox 1098 1762 1467 1834; x_wconf 88' lang='lat' dir='ltr'>honorarii</span> <span class='ocrx_word' id='word_1_71' title='bbox 1506 1761 1901 1853; x_wconf 86' lang='lat' dir='ltr'>majoribus</span> <span class='ocrx_word' id='word_1_72' title='bbox 1933 1762 2278 1854; x_wconf 87' lang='lat' dir='ltr'>sportulis</span> <span class='ocrx_word' id='word_1_73' title='bbox 2311 1761 2536 1834; x_wconf 82' lang='lat' dir='ltr'>fuisse</span> 
     </span>
    </p>
   </div>
   <div class='ocr_carea' id='block_1_4' title="bbox 401 1886 2646 1980">
    <p class='ocr_par' dir='ltr' id='par_1_4' title="bbox 401 1886 2646 1980">
     <span class='ocr_line' id='line_1_11' title="bbox 401 1886 2646 1980; baseline -0 -21"><span class='ocrx_word' id='word_1_74' title='bbox 401 1888 694 1962; x_wconf 84' lang='lat' dir='ltr'>obnoxii</span> <span class='ocrx_word' id='word_1_75' title='bbox 739 1911 757 1959; x_wconf 76' lang='lat' dir='ltr'><strong><em>z</em></strong></span> <span class='ocrx_word' id='word_1_76' title='bbox 801 1888 891 1960; x_wconf 89' lang='lat' dir='ltr'>ab</span> <span class='ocrx_word' id='word_1_77' title='bbox 930 1886 1291 1961; x_wconf 86' lang='lat' dir='ltr'>advocatis</span> <span class='ocrx_word' id='word_1_78' title='bbox 1350 1888 1476 1978; x_wconf 85' lang='lat' dir='ltr'>qui</span> <span class='ocrx_word' id='word_1_79' title='bbox 1527 1893 1898 1980; x_wconf 79' lang='lat' dir='ltr'>protegere</span> <span class='ocrx_word' id='word_1_80' title='bbox 1951 1887 2151 1979; x_wconf 84' lang='lat' dir='ltr'>digni</span> <span class='ocrx_word' id='word_1_81' title='bbox 2199 1886 2535 1960; x_wconf 85' lang='lat' dir='ltr'>aestimati</span> <span class='ocrx_word' id='word_1_82' title='bbox 2643 1916 2646 1919; x_wconf 50' lang='lat'><strong>2</strong></span> 
     </span>
    </p>
   </div>
   <div class='ocr_carea' id='block_1_5' title="bbox 399 2008 2536 3358">
    <p class='ocr_par' dir='ltr' id='par_1_5' title="bbox 400 2008 2536 2353">
     <span class='ocr_line' id='line_1_12' title="bbox 400 2008 2536 2105; baseline -0.001 -20"><span class='ocrx_word' id='word_1_83' title='bbox 400 2019 636 2096; x_wconf 86' lang='lat' dir='ltr'>erant,</span> <span class='ocrx_word' id='word_1_84' title='bbox 681 2011 825 2085; x_wconf 92' lang='lat' dir='ltr'>duo</span> <span class='ocrx_word' id='word_1_85' title='bbox 869 2011 1098 2084; x_wconf 94' lang='lat' dir='ltr'>millia</span> <span class='ocrx_word' id='word_1_86' title='bbox 1140 2011 1536 2084; x_wconf 90' lang='lat' dir='ltr'>solidorum</span> <span class='ocrx_word' id='word_1_87' title='bbox 1591 2012 2060 2104; x_wconf 82' lang='lat' dir='ltr'>exigebantur</span> <span class='ocrx_word' id='word_1_88' title='bbox 2108 2008 2237 2105; x_wconf 77' lang='lat'>(4).</span> <span class='ocrx_word' id='word_1_89' title='bbox 2284 2012 2536 2083; x_wconf 88' lang='lat' dir='ltr'>Utrum</span> 
     </span>
     <span class='ocr_line' id='line_1_13' title="bbox 400 2135 2533 2229; baseline 0 -21"><span class='ocrx_word' id='word_1_90' title='bbox 400 2136 754 2229; x_wconf 85' lang='lat' dir='ltr'>universis</span> <span class='ocrx_word' id='word_1_91' title='bbox 794 2136 1379 2229; x_wconf 84' lang='lat' dir='ltr'>primoribusan</span> <span class='ocrx_word' id='word_1_92' title='bbox 1430 2136 1736 2228; x_wconf 88' lang='lat' dir='ltr'>singulis</span> <span class='ocrx_word' id='word_1_93' title='bbox 1791 2135 2134 2228; x_wconf 76' lang='lat' dir='ltr'>sportulae</span> <span class='ocrx_word' id='word_1_94' title='bbox 2170 2135 2316 2208; x_wconf 84' lang='lat' dir='ltr'>illae</span> <span class='ocrx_word' id='word_1_95' title='bbox 2354 2153 2533 2227; x_wconf 90' lang='lat' dir='ltr'>pen-</span> 
     </span>
     <span class='ocr_line' id='line_1_14' title="bbox 401 2258 1683 2353; baseline 0.001 -22"><span class='ocrx_word' id='word_1_96' title='bbox 401 2258 773 2344; x_wconf 89' lang='lat' dir='ltr'>derentur,</span> <span class='ocrx_word' id='word_1_97' title='bbox 817 2258 1195 2352; x_wconf 77' lang='lat' dir='ltr'>dijudicari</span> <span class='ocrx_word' id='word_1_98' title='bbox 1234 2279 1382 2333; x_wconf 92' lang='lat' dir='ltr'>non</span> <span class='ocrx_word' id='word_1_99' title='bbox 1421 2265 1683 2353; x_wconf 87' lang='lat' dir='ltr'>potest.</span> 
     </span>
    </p>

    <p class='ocr_par' dir='ltr' id='par_1_6' title="bbox 399 2385 2536 2979">
     <span class='ocr_line' id='line_1_15' title="bbox 498 2385 2536 2481; baseline 0 -22"><span class='ocrx_word' id='word_1_100' title='bbox 498 2386 606 2459; x_wconf 87' lang='lat' dir='ltr'>Ad</span> <span class='ocrx_word' id='word_1_101' title='bbox 658 2385 1298 2480; x_wconf 78' lang='lat' dir='ltr'>decemprimatum</span> <span class='ocrx_word' id='word_1_102' title='bbox 1317 2441 1334 2466; x_wconf 92' lang='lat'>‚</span> <span class='ocrx_word' id='word_1_103' title='bbox 1384 2392 1597 2479; x_wconf 90' lang='lat' dir='ltr'>prout</span> <span class='ocrx_word' id='word_1_104' title='bbox 1649 2387 1961 2481; x_wconf 85' lang='lat' dir='ltr'>quisque</span> <span class='ocrx_word' id='word_1_105' title='bbox 2015 2386 2093 2458; x_wconf 92' lang='lat' dir='ltr'>in</span> <span class='ocrx_word' id='word_1_106' title='bbox 2140 2386 2536 2460; x_wconf 88' lang='lat' dir='ltr'>matriculis</span> 
     </span>
     <span class='ocr_line' id='line_1_16' title="bbox 400 2511 2534 2604; baseline 0.001 -21"><span class='ocrx_word' id='word_1_107' title='bbox 400 2511 791 2603; x_wconf 90' lang='lat' dir='ltr'>inscriptus</span> <span class='ocrx_word' id='word_1_108' title='bbox 844 2519 1035 2596; x_wconf 89' lang='lat' dir='ltr'>erat,</span> <span class='ocrx_word' id='word_1_109' title='bbox 1092 2511 1666 2603; x_wconf 83' lang='lat' dir='ltr'>promovebatur.</span> <span class='ocrx_word' id='word_1_110' title='bbox 1727 2537 1760 2575; x_wconf 71' lang='grc' dir='ltr'>ι</span> <span class='ocrx_word' id='word_1_111' title='bbox 1811 2511 2337 2585; x_wconf 86' lang='lat' dir='ltr'>Recedentibus</span> <span class='ocrx_word' id='word_1_112' title='bbox 2388 2513 2534 2604; x_wconf 92' lang='lat' dir='ltr'>pri-</span> 
     </span>
     <span class='ocr_line' id='line_1_17' title="bbox 400 2632 2533 2732; baseline 0 -24"><span class='ocrx_word' id='word_1_113' title='bbox 400 2636 725 2709; x_wconf 91' lang='lat' dir='ltr'>moribus</span> <span class='ocrx_word' id='word_1_114' title='bbox 779 2664 810 2701; x_wconf 73' lang='grc' dir='ltr'><strong>ι</strong></span> <span class='ocrx_word' id='word_1_115' title='bbox 870 2637 1348 2712; x_wconf 77' lang='lat' dir='ltr'>succedebant</span> <span class='ocrx_word' id='word_1_116' title='bbox 1412 2641 1796 2728; x_wconf 86' lang='lat' dir='ltr'>sequentes</span> <span class='ocrx_word' id='word_1_117' title='bbox 1870 2632 1963 2732; x_wconf 82' lang='lat'>(5)</span> <span class='ocrx_word' id='word_1_118' title='bbox 1981 2677 2006 2708; x_wconf 92' lang='lat'>.·</span> <span class='ocrx_word' id='word_1_119' title='bbox 2060 2636 2533 2730; x_wconf 90' lang='lat' dir='ltr'>Decemprimi</span> 
     </span>
     <span class='ocr_line' id='line_1_18' title="bbox 401 2761 2534 2859; baseline -0 -25"><span class='ocrx_word' id='word_1_120' title='bbox 401 2779 689 2854; x_wconf 84' lang='lat' dir='ltr'>quoque</span> <span class='ocrx_word' id='word_1_121' title='bbox 751 2762 1001 2836; x_wconf 92' lang='lat' dir='ltr'>eodem</span> <span class='ocrx_word' id='word_1_122' title='bbox 1058 2762 1272 2836; x_wconf 92' lang='lat' dir='ltr'>modo</span> <span class='ocrx_word' id='word_1_123' title='bbox 1326 2761 1896 2859; x_wconf 85' lang='lat' dir='ltr'>numerabantur</span> <span class='ocrx_word' id='word_1_124' title='bbox 1950 2786 1967 2833; x_wconf 90' lang='lat'>:</span> <span class='ocrx_word' id='word_1_125' title='bbox 2026 2768 2100 2834; x_wconf 92' lang='lat' dir='ltr'>at</span> <span class='ocrx_word' id='word_1_126' title='bbox 2152 2780 2302 2835; x_wconf 93' lang='lat' dir='ltr'>non</span> <span class='ocrx_word' id='word_1_127' title='bbox 2347 2762 2534 2835; x_wconf 91' lang='lat' dir='ltr'>inter</span> 
     </span>
     <span class='ocr_line' id='line_1_19' title="bbox 399 2887 1830 2979; baseline -0.003 -17"><span class='ocrx_word' id='word_1_128' title='bbox 399 2905 525 2962; x_wconf 91' lang='lat' dir='ltr'>eos</span> <span class='ocrx_word' id='word_1_129' title='bbox 560 2888 1008 2979; x_wconf 80' lang='lat' dir='ltr'>primicerius</span> <span class='ocrx_word' id='word_1_130' title='bbox 1049 2887 1505 2962; x_wconf 87' lang='lat' dir='ltr'>collocandus</span> <span class='ocrx_word' id='word_1_131' title='bbox 1549 2894 1658 2961; x_wconf 91' lang='lat' dir='ltr'>est</span> <span class='ocrx_word' id='word_1_132' title='bbox 1689 2887 1830 2979; x_wconf 85' lang='lat'>(6).</span> 
     </span>
    </p>

    <p class='ocr_par' dir='ltr' id='par_1_7' title="bbox 399 3012 2535 3358">
     <span class='ocr_line' id='line_1_20' title="bbox 499 3012 2535 3105; baseline 0.001 -21"><span class='ocrx_word' id='word_1_133' title='bbox 499 3012 689 3085; x_wconf 84' lang='lat' dir='ltr'>Nova</span> <span class='ocrx_word' id='word_1_134' title='bbox 704 3012 1073 3105; x_wconf 79' lang='lat' dir='ltr'>priviiegia</span> <span class='ocrx_word' id='word_1_135' title='bbox 1094 3031 1254 3086; x_wconf 86' lang='lat' dir='ltr'>cum</span> <span class='ocrx_word' id='word_1_136' title='bbox 1286 3012 1849 3105; x_wconf 86' lang='lat' dir='ltr'>decemprimatu</span> <span class='ocrx_word' id='word_1_137' title='bbox 1867 3012 2365 3105; x_wconf 91' lang='lat' dir='ltr'>adipiscuntur</span> <span class='ocrx_word' id='word_1_138' title='bbox 2380 3033 2535 3105; x_wconf 91' lang='lat' dir='ltr'>pro-</span> 
     </span>
     <span class='ocr_line' id='line_1_21' title="bbox 401 3138 2530 3230; baseline 0 -22"><span class='ocrx_word' id='word_1_139' title='bbox 401 3142 727 3210; x_wconf 81' lang='lat' dir='ltr'>tectoreS.</span> <span class='ocrx_word' id='word_1_140' title='bbox 771 3138 1000 3210; x_wconf 88' lang='lat' dir='ltr'>Simul</span> <span class='ocrx_word' id='word_1_141' title='bbox 1034 3146 1250 3230; x_wconf 86' lang='lat' dir='ltr'>atque</span> <span class='ocrx_word' id='word_1_142' title='bbox 1289 3138 1381 3212; x_wconf 91' lang='lat' dir='ltr'>ad</span> <span class='ocrx_word' id='word_1_143' title='bbox 1416 3158 1580 3212; x_wconf 91' lang='lat' dir='ltr'>eum</span> <span class='ocrx_word' id='word_1_144' title='bbox 1610 3138 2064 3229; x_wconf 84' lang='lat' dir='ltr'>perveniunt,</span> <span class='ocrx_word' id='word_1_145' title='bbox 2099 3139 2530 3211; x_wconf 87' lang='lat' dir='ltr'>senatoriam</span> 
     </span>
     <span class='ocr_line' id='line_1_22' title="bbox 399 3261 2532 3358; baseline 0 -23"><span class='ocrx_word' id='word_1_146' title='bbox 399 3263 758 3354; x_wconf 86' lang='lat' dir='ltr'>accipiunt</span> <span class='ocrx_word' id='word_1_147' title='bbox 810 3264 1228 3357; x_wconf 86' lang='lat' dir='ltr'>dignitatem</span> <span class='ocrx_word' id='word_1_148' title='bbox 1265 3261 1405 3358; x_wconf 90' lang='lat'><strong>(7).</strong></span> <span class='ocrx_word' id='word_1_149' title='bbox 1450 3266 1692 3355; x_wconf 73' lang='lat' dir='ltr'>Neque</span> <span class='ocrx_word' id='word_1_150' title='bbox 1731 3270 1971 3335; x_wconf 87' lang='lat' dir='ltr'>tamen</span> <span class='ocrx_word' id='word_1_151' title='bbox 2010 3263 2532 3355; x_wconf 88' lang='lat' dir='ltr'>decemprimus</span> 
     </span>
    </p>
   </div>
   <div class='ocr_carea' id='block_1_6' title="bbox 400 3518 2539 4480">
    <p class='ocr_par' dir='ltr' id='par_1_8' title="bbox 401 3518 2532 3675">
     <span class='ocr_line' id='line_1_23' title="bbox 466 3518 2532 3588; baseline -0.001 -16"><span class='ocrx_word' id='word_1_152' title='bbox 466 3519 532 3584; x_wconf 81' lang='grc'>(1)</span> <span class='ocrx_word' id='word_1_153' title='bbox 574 3519 727 3581; x_wconf 84' lang='lat' dir='ltr'>Quod</span> <span class='ocrx_word' id='word_1_154' title='bbox 753 3522 913 3572; x_wconf 78' lang='lat' dir='ltr'>verba</span> <span class='ocrx_word' id='word_1_155' title='bbox 945 3520 1311 3588; x_wconf 76' lang='lat' dir='ltr'>secundicerius,</span> <span class='ocrx_word' id='word_1_156' title='bbox 1332 3520 1624 3582; x_wconf 79' lang='lat' dir='ltr'>primicerius</span> <span class='ocrx_word' id='word_1_157' title='bbox 1655 3520 1891 3584; x_wconf 87' lang='lat' dir='ltr'>(primus</span> <span class='ocrx_word' id='word_1_158' title='bbox 1910 3556 1924 3581; x_wconf 94' lang='lat'><strong>,</strong></span> <span class='ocrx_word' id='word_1_159' title='bbox 1954 3518 2220 3570; x_wconf 83' lang='lat' dir='ltr'>secundus</span> <span class='ocrx_word' id='word_1_160' title='bbox 2258 3518 2313 3568; x_wconf 92' lang='lat' dir='ltr'>in</span> <span class='ocrx_word' id='word_1_161' title='bbox 2350 3519 2501 3583; x_wconf 78' lang='lat' dir='ltr'>cera)</span> <span class='ocrx_word' id='word_1_162' title='bbox 2519 3557 2532 3581; x_wconf 93' lang='lat'><strong>,</strong></span> 
     </span>
     <span class='ocr_line' id='line_1_24' title="bbox 401 3610 719 3675; baseline -0.003 -15"><span class='ocrx_word' id='word_1_163' title='bbox 401 3610 719 3675; x_wconf 78' lang='lat' dir='ltr'>significant.</span> 
     </span>
    </p>

    <p class='ocr_par' dir='ltr' id='par_1_9' title="bbox 473 3696 1565 3763">
     <span class='ocr_line' id='line_1_25' title="bbox 473 3696 1565 3763; baseline -0.003 -13"><span class='ocrx_word' id='word_1_164' title='bbox 473 3698 537 3763; x_wconf 86' lang='lat'>(2)</span> <span class='ocrx_word' id='word_1_165' title='bbox 564 3696 703 3749; x_wconf 87' lang='lat' dir='ltr'>Vide</span> <span class='ocrx_word' id='word_1_166' title='bbox 729 3697 1048 3763; x_wconf 84' lang='lat' dir='ltr'>Procopium</span> <span class='ocrx_word' id='word_1_167' title='bbox 1070 3699 1188 3759; x_wconf 85' lang='lat' dir='ltr'>hie,</span> <span class='ocrx_word' id='word_1_168' title='bbox 1219 3714 1274 3763; x_wconf 90' lang='lat' dir='ltr'>p.</span> <span class='ocrx_word' id='word_1_169' title='bbox 1304 3698 1393 3761; x_wconf 72' lang='lat'><strong>64,</strong></span> <span class='ocrx_word' id='word_1_170' title='bbox 1431 3713 1483 3750; x_wconf 89' lang='lat' dir='ltr'>n.</span> <span class='ocrx_word' id='word_1_171' title='bbox 1517 3699 1565 3749; x_wconf 88' lang='lat'>3.</span> 
     </span>
    </p>

    <p class='ocr_par' dir='ltr' id='par_1_10' title="bbox 473 3787 999 3852">
     <span class='ocr_line' id='line_1_26' title="bbox 473 3787 999 3852; baseline 0 -13"><span class='ocrx_word' id='word_1_172' title='bbox 473 3787 536 3852; x_wconf 87' lang='lat'>(3)</span> <span class='ocrx_word' id='word_1_173' title='bbox 565 3788 615 3839; x_wconf 89' lang='lat' dir='ltr'>G.</span> <span class='ocrx_word' id='word_1_174' title='bbox 650 3789 733 3848; x_wconf 72' lang='lat' dir='ltr'>th„</span> <span class='ocrx_word' id='word_1_175' title='bbox 763 3787 811 3843; x_wconf 88' lang='lat'><strong>6,</strong></span> <span class='ocrx_word' id='word_1_176' title='bbox 840 3787 921 3849; x_wconf 97' lang='lat'><strong>24,</strong></span> <span class='ocrx_word' id='word_1_177' title='bbox 953 3788 999 3839; x_wconf 88' lang='lat'>3.</span> 
     </span>
    </p>

    <p class='ocr_par' dir='ltr' id='par_1_11' title="bbox 475 3874 1047 3939">
     <span class='ocr_line' id='line_1_27' title="bbox 475 3874 1047 3939; baseline -0.003 -10"><span class='ocrx_word' id='word_1_178' title='bbox 475 3876 539 3939; x_wconf 84' lang='lat'>(4)</span> <span class='ocrx_word' id='word_1_179' title='bbox 572 3876 622 3929; x_wconf 86' lang='lat' dir='ltr'>G.</span> <span class='ocrx_word' id='word_1_180' title='bbox 645 3879 783 3937; x_wconf 71' lang='lat' dir='ltr'>just..</span> <span class='ocrx_word' id='word_1_181' title='bbox 813 3874 860 3937; x_wconf 87' lang='lat'><strong>2,</strong></span> <span class='ocrx_word' id='word_1_182' title='bbox 888 3875 937 3938; x_wconf 84' lang='lat'><strong>7,</strong></span> <span class='ocrx_word' id='word_1_183' title='bbox 967 3877 1047 3927; x_wconf 88' lang='lat'>25.</span> 
     </span>
    </p>

    <p class='ocr_par' dir='ltr' id='par_1_12' title="bbox 403 3963 2536 4120">
     <span class='ocr_line' id='line_1_28' title="bbox 471 3963 2536 4031; baseline -0.001 -14"><span class='ocrx_word' id='word_1_184' title='bbox 471 3965 538 4030; x_wconf 82' lang='grc'>(5)</span> <span class='ocrx_word' id='word_1_185' title='bbox 560 3966 611 4017; x_wconf 85' lang='lat' dir='ltr'>G.</span> <span class='ocrx_word' id='word_1_186' title='bbox 634 3968 721 4029; x_wconf 67' lang='lat' dir='ltr'>th„</span> <span class='ocrx_word' id='word_1_187' title='bbox 743 3966 792 4028; x_wconf 88' lang='lat'>6,</span> <span class='ocrx_word' id='word_1_188' title='bbox 818 3966 898 4029; x_wconf 74' lang='lat'><strong>24,</strong></span> <span class='ocrx_word' id='word_1_189' title='bbox 920 3965 978 4027; x_wconf 76' lang='lat'>73</span> <span class='ocrx_word' id='word_1_190' title='bbox 1005 3967 1109 4017; x_wconf 90' lang='lat' dir='ltr'>nisi</span> <span class='ocrx_word' id='word_1_191' title='bbox 1131 3967 1280 4031; x_wconf 83' lang='lat' dir='ltr'>prius</span> <span class='ocrx_word' id='word_1_192' title='bbox 1298 3968 1573 4018; x_wconf 79' lang='lat' dir='ltr'>honestam</span> <span class='ocrx_word' id='word_1_193' title='bbox 1599 3966 1910 4016; x_wconf 83' lang='lat' dir='ltr'>missionem</span> <span class='ocrx_word' id='word_1_194' title='bbox 1934 3964 2318 4029; x_wconf 82' lang='lat' dir='ltr'>depoposcerit.</span> <span class='ocrx_word' id='word_1_195' title='bbox 2342 3963 2536 4016; x_wconf 83' lang='lat' dir='ltr'>Nullus</span> 
     </span>
     <span class='ocr_line' id='line_1_29' title="bbox 403 4055 2504 4120; baseline -0.002 -14"><span class='ocrx_word' id='word_1_196' title='bbox 403 4070 476 4106; x_wconf 86' lang='lat' dir='ltr'>ex</span> <span class='ocrx_word' id='word_1_197' title='bbox 502 4057 888 4120; x_wconf 86' lang='lat' dir='ltr'>protectoribus</span> <span class='ocrx_word' id='word_1_198' title='bbox 916 4057 972 4107; x_wconf 92' lang='lat' dir='ltr'>in</span> <span class='ocrx_word' id='word_1_199' title='bbox 1006 4057 1173 4107; x_wconf 86' lang='lat' dir='ltr'>titulis</span> <span class='ocrx_word' id='word_1_200' title='bbox 1203 4061 1617 4107; x_wconf 85' lang='lat' dir='ltr'>memoratorum</span> <span class='ocrx_word' id='word_1_201' title='bbox 1645 4057 1713 4106; x_wconf 81' lang='lat' dir='ltr'>ad</span> <span class='ocrx_word' id='word_1_202' title='bbox 1742 4055 2216 4118; x_wconf 80' lang='lat' dir='ltr'>decemprimatum</span> <span class='ocrx_word' id='word_1_203' title='bbox 2246 4055 2504 4117; x_wconf 85' lang='lat' dir='ltr'>pervenit.</span> 
     </span>
    </p>

    <p class='ocr_par' dir='ltr' id='par_1_13' title="bbox 473 4143 2196 4210">
     <span class='ocr_line' id='line_1_30' title="bbox 473 4143 2196 4210; baseline -0.002 -15"><span class='ocrx_word' id='word_1_204' title='bbox 473 4143 538 4209; x_wconf 89' lang='grc'>(6)</span> <span class='ocrx_word' id='word_1_205' title='bbox 569 4144 878 4197; x_wconf 84' lang='lat' dir='ltr'>Primicerio</span> <span class='ocrx_word' id='word_1_206' title='bbox 907 4147 1051 4197; x_wconf 79' lang='lat' dir='ltr'>decem</span> <span class='ocrx_word' id='word_1_207' title='bbox 1076 4152 1303 4209; x_wconf 79' lang='lat' dir='ltr'>sequentes</span> <span class='ocrx_word' id='word_1_208' title='bbox 1326 4149 1715 4210; x_wconf 86' lang='lat' dir='ltr'>postponuntur</span> <span class='ocrx_word' id='word_1_209' title='bbox 1734 4185 1746 4203; x_wconf 88' lang='lat'><em>‚</em></span> <span class='ocrx_word' id='word_1_210' title='bbox 1774 4145 1824 4196; x_wconf 89' lang='lat' dir='ltr'>G.</span> <span class='ocrx_word' id='word_1_211' title='bbox 1853 4145 1939 4207; x_wconf 67' lang='lat' dir='ltr'>th„</span> <span class='ocrx_word' id='word_1_212' title='bbox 1963 4144 2013 4207; x_wconf 88' lang='lat'>6,</span> <span class='ocrx_word' id='word_1_213' title='bbox 2040 4143 2119 4205; x_wconf 92' lang='lat'><strong>24,</strong></span> <span class='ocrx_word' id='word_1_214' title='bbox 2146 4143 2196 4193; x_wconf 88' lang='grc'>7.</span> 
     </span>
    </p>

    <p class='ocr_par' dir='ltr' id='par_1_14' title="bbox 400 4232 2539 4480">
     <span class='ocr_line' id='line_1_31' title="bbox 475 4232 2539 4298; baseline -0.001 -13"><span class='ocrx_word' id='word_1_215' title='bbox 475 4232 542 4298; x_wconf 81' lang='grc'>(7)</span> <span class='ocrx_word' id='word_1_216' title='bbox 576 4234 626 4285; x_wconf 88' lang='lat' dir='ltr'>G.</span> <span class='ocrx_word' id='word_1_217' title='bbox 669 4236 756 4297; x_wconf 65' lang='lat' dir='ltr'>th„</span> <span class='ocrx_word' id='word_1_218' title='bbox 787 4234 846 4295; x_wconf 87' lang='lat'>6,</span> <span class='ocrx_word' id='word_1_219' title='bbox 870 4235 960 4296; x_wconf 88' lang='lat'><strong>24,</strong></span> <span class='ocrx_word' id='word_1_220' title='bbox 986 4234 1036 4286; x_wconf 90' lang='grc'>7.</span> <span class='ocrx_word' id='word_1_221' title='bbox 1067 4234 1147 4286; x_wconf 90' lang='lat' dir='ltr'>De</span> <span class='ocrx_word' id='word_1_222' title='bbox 1177 4235 1433 4286; x_wconf 86' lang='lat' dir='ltr'>militibus</span> <span class='ocrx_word' id='word_1_223' title='bbox 1465 4236 1699 4298; x_wconf 86' lang='lat' dir='ltr'>loquitur</span> <span class='ocrx_word' id='word_1_224' title='bbox 1725 4237 1814 4285; x_wconf 84' lang='lat' dir='ltr'>lex</span> <span class='ocrx_word' id='word_1_225' title='bbox 1848 4255 1858 4282; x_wconf 89' lang='lat'>:</span> <span class='ocrx_word' id='word_1_226' title='bbox 1888 4238 1942 4283; x_wconf 87' lang='lat' dir='ltr'>at</span> <span class='ocrx_word' id='word_1_227' title='bbox 1984 4233 2143 4284; x_wconf 83' lang='lat' dir='ltr'>etiam</span> <span class='ocrx_word' id='word_1_228' title='bbox 2167 4235 2390 4297; x_wconf 84' lang='lat' dir='ltr'>juvenes</span> <span class='ocrx_word' id='word_1_229' title='bbox 2424 4232 2539 4283; x_wconf 82' lang='lat' dir='ltr'>cla-</span> 
     </span>
     <span class='ocr_line' id='line_1_32' title="bbox 400 4320 2530 4389; baseline -0.003 -14"><span class='ocrx_word' id='word_1_230' title='bbox 400 4323 643 4375; x_wconf 73' lang='lat' dir='ltr'>rissimos</span> <span class='ocrx_word' id='word_1_231' title='bbox 684 4325 753 4376; x_wconf 85' lang='lat' dir='ltr'>ad</span> <span class='ocrx_word' id='word_1_232' title='bbox 787 4325 1256 4389; x_wconf 79' lang='lat' dir='ltr'>decemprimatum</span> <span class='ocrx_word' id='word_1_233' title='bbox 1294 4325 1570 4389; x_wconf 87' lang='lat' dir='ltr'>pervenire</span> <span class='ocrx_word' id='word_1_234' title='bbox 1598 4338 1754 4389; x_wconf 84' lang='lat' dir='ltr'>posse</span> <span class='ocrx_word' id='word_1_235' title='bbox 1790 4339 1821 4376; x_wconf 91' lang='lat' dir='ltr'>e</span> <span class='ocrx_word' id='word_1_236' title='bbox 1856 4321 1891 4374; x_wconf 82' lang='lat' dir='ltr'><strong>J</strong></span> <span class='ocrx_word' id='word_1_237' title='bbox 1892 4322 2070 4375; x_wconf 80' lang='lat' dir='ltr'>oviani</span> <span class='ocrx_word' id='word_1_238' title='bbox 2098 4321 2347 4386; x_wconf 83' lang='lat' dir='ltr'>exemplo</span> <span class='ocrx_word' id='word_1_239' title='bbox 2374 4320 2530 4372; x_wconf 82' lang='lat' dir='ltr'>colli-</span> 
     </span>
     <span class='ocr_line' id='line_1_33' title="bbox 402 4413 1386 4480; baseline -0.003 -13"><span class='ocrx_word' id='word_1_240' title='bbox 402 4413 642 4480; x_wconf 71' lang='lat' dir='ltr'>gendum</span> <span class='ocrx_word' id='word_1_241' title='bbox 668 4418 765 4465; x_wconf 85' lang='lat' dir='ltr'>est.</span> <span class='ocrx_word' id='word_1_242' title='bbox 1381 4433 1386 4435; x_wconf 92' lang='grc'><em>·</em></span> 
     </span>
    </p>
   </div>
   <div class='ocr_carea' id='block_1_7' title="bbox 726 4502 2219 4565">
    <p class='ocr_par' dir='ltr' id='par_1_15' title="bbox 726 4502 2219 4565">
     <span class='ocr_line' id='line_1_34' title="bbox 726 4502 2219 4565; baseline -0.002 0"><span class='ocrx_word' id='word_1_243' title='bbox 726 4524 750 4565; x_wconf 84' lang='lat' dir='ltr'>J</span> <span class='ocrx_word' id='word_1_244' title='bbox 2183 4502 2219 4562; x_wconf 88' lang='lat'><strong>5</strong></span> 
     </span>
    </p>
   </div>
  </div>
 </body>
</html>
