3488 5421
1303 632 1619 695 ...49—

396 767 584 840 Illud
637 788 860 840 unum
923 770 1111 841 inter
1149 776 1534 860 utrumque
1589 789 1969 842 numerum
2018 773 2353 856 interest,
2398 770 2527 846 do-

396 894 852 964 mesticorum
892 893 1143 976 mod0,
1184 913 1329 964 non
1384 902 1860 985 protectorum
1903 895 2128 980 filioS,
2173 898 2249 968 in
2290 900 2531 970 matri-

396 1016 577 1100 culis
609 1017 872 1088 scholae
902 1017 1228 1100 inscribi,
1263 1037 1736 1110 annonasque
1766 1028 1998 1110 usque
2028 1020 2120 1092 ad
2146 1020 2221 1092 id
2251 1028 2532 1113 tempus

397 1142 738 1230 consequi
779 1160 922 1231 quo
962 1161 1161 1212 arma
1199 1161 1439 1233 gerere
1477 1145 1715 1216 valent
1763 1140 1892 1238 (1).
1931 1146 2160 1217 Etiam
2202 1152 2531 1237 parentes

399 1264 947 1337 domesticorum
1007 1268 1142 1338 hoc
1195 1268 1566 1339 commodo
1623 1269 2071 1341 fruebantur.
2140 1272 2251 1351 At,
2309 1288 2530 1360 quum

399 1387 473 1458 in
519 1386 1066 1459 domesticorum
1111 1408 1406 1462 munere
1445 1391 1884 1480 capessendo
1925 1411 2092 1483 pars
2122 1392 2532 1463 adolescen-

401 1519 505 1583 tes
542 1519 821 1594 essent,
867 1532 904 1583 e
944 1514 1364 1603 parentibus
1413 1514 1791 1625 ditissimis
1845 1518 2030 1600 nati,
2083 1516 2529 1608 privilegium

401 1628 893 1700 tantummodo
939 1628 1289 1701 militibus
1335 1631 1748 1721 legionariis
1799 1638 2196 1723 competere
2237 1632 2525 1714 debuit,

399 1772 543 1824 non
584 1754 1002 1825 clarissimis
1049 1756 1814 1849 juvenibusR-Propter
1868 1757 2062 1846 quod
2112 1757 2531 1847 protectori-

399 1875 534 1947 bus
570 1895 857 1966 quoque
897 1877 1092 1948 haud
1123 1880 1347 1950 multo
1381 1885 1544 1969 post
1573 1879 1757 1950 illud
1795 1880 2174 1951 obvenisse
2210 1879 2529 1950 credide-

401 2000 567 2071 rim:
604 2002 717 2072 lex
759 2021 901 2092 qua
940 2003 1030 2074 iis
1071 2004 1404 2074 collatum
1446 2004 1604 2086 fuit,
1651 2005 1863 2076 nobis
1902 2024 2051 2076 non
2084 2005 2359 2076 s'ervata
2388 2011 2523 2075 est.

433 2388 521 2437 DE
574 2387 937 2439 VETERANIS
992 2388 1081 2439 EX
1133 2389 1688 2443 PROTECTORIBUS
1741 2390 1875 2443 AUT
1922 2391 2011 2442 EX
2063 2391 2491 2444 DOMESTICIS.

494 2654 754 2727 Eadem
782 2655 1179 2747 privilegia,
1215 2674 1252 2727 e
1283 2674 1582 2728 numero
1617 2663 2232 2749 egreSSUS,'quum
2266 2659 2522 2732 hones-

398 2787 543 2851 tam
575 2779 989 2851 missionem
1016 2780 1471 2871 deposcebat,
1497 2789 1852 2873 protector
1882 2783 2402 2856 domesticusve
2425 2805 2526 2857 re-

394 2903 694 2976 tinebat.
731 2904 1129 2976 Vocabatur
1166 2913 1542 2977 veteranus
1581 2927 1674 2975 eoo
1710 2906 2227 2999 protectoribus
2259 2906 2365 3003 (2)
2415 2909 2524 2980 vel

393 3048 488 3097 eoo
537 3026 958 3123 domesticz‘S,
1017 3048 1176 3119 quae
1215 3031 1430 3101 verba
1468 3050 1626 3100 raro
1669 3030 2127 3122 singulariter
2171 3051 2526 3123 usurpan-

393 3160 512 3224 tur
551 3150 677 3247 (5).
715 3153 1036 3244 Dignitas
1073 3173 1157 3225 ex
1196 3155 1716 3244 protectoribus
1748 3174 1906 3226 esse
1937 3155 2334 3227 habebatur
2371 3153 2464 3249 (4)
2502 3180 2517 3238 ;

394 3277 553 3348 haec
583 3277 929 3349 codicillis
982 3279 1462 3369 imperatoriis
1519 3278 2004 3361 deferebatur,
2059 3298 2273 3368 quam
2325 3297 2524 3351 voca-

390 3403 572 3473 bant
613 3402 972 3494 epistolam
1008 3402 1542 3473 testimonialem
1571 3425 1665 3472 em
1688 3402 2197 3496 protectoribus
2243 3402 2371 3498 (5).

499 3527 629 3598 Per
681 3527 1043 3599 codicillos
1101 3529 1453 3618 equestris
1515 3519 1826 3620 dignitas
1881 3532 2258 3620 protectori
2309 3531 2526 3603 relin-

461 3780 527 3844 (Ι)
560 3780 669 3830 Lex
697 3782 822 3830 anni
852 3780 973 3837 364,
1007 3781 1055 3831 G.
1095 3783 1182 3844 th„
1214 3781 1270 3843 6,
1296 3781 1377 3843 24,
1409 3782 1459 3833 2.
1570 3839 1575 3843 ,

461 3868 530 3933 (2)
563 3868 746 3920 Graece
788 3869 1214 3937 Ἀποπροτίκτωρ.
1249 3870 1482 3934 Dignum
1519 3875 1598 3921 est
1640 3872 1816 3921 notari
1856 3872 2136 3934 quemdam
2174 3877 2524 3936 protectorem

392 3962 518 4019 post
542 3968 648 4006 xxv
672 3957 951 4019 stipendia,
977 3971 1095 4020 quae
1116 3958 1383 4008 ordinaria
1410 3964 1578 4019 erant,
1599 3960 1826 4010 missum
1848 3961 2030 4023 fuisse,
2054 3961 2103 4011 G.
2123 3962 2159 4010 i.
2184 3963 2236 4022 l.,
2264 3962 2359 4024 111,
2383 3963 2524 4013 6194.

452 4046 523 4110 (3)
558 4048 628 4095 Ex
649 4047 886 4096 domestico
920 4062 931 4095 :
964 4046 1011 4096 C.
1046 4049 1080 4096 i.
1113 4048 1166 4107 l.,
1195 4046 1302 4105 111,
1335 4047 1485 4108 26563
1518 4062 1572 4096 em
1591 4054 1845 4110 protectore
1878 4069 1890 4098 ι
1923 4050 1973 4099 G.
2010 4052 2046 4098 i.
2083 4051 2134 4109 l.,
2173 4051 2278 4112 Ill,
2309 4050 2433 4101 ‘2760
2457 4068 2517 4113 ας

390 4133 463 4195 V,
499 4135 643 4197 1796,
679 4136 728 4186 G.
759 4137 844 4197 th„
876 4137 921 4195 7,
949 4136 1028 4197 20,
1059 4136 1106 4186 8.

457 4224 529 4287 (4)
553 4224 607 4276 G.
642 4226 726 4283 th„
757 4225 802 4286 8,
836 4226 882 4287 7,
916 4227 962 4276 3.

455 4314 524 4377 (5)
558 4315 605 4365 G}
640 4317 724 4376 th„
757 4316 811 4372 7,
840 4315 925 4374 20,
958 4315 1039 4377 123
1072 4317 1126 4377 8,
1155 4316 1213 4373 7,
1248 4316 1292 4365 3.
1329 4315 1562 4380 Epistola
1601 4318 1969 4367 testimonialis
2011 4318 2257 4367 definitur
2284 4333 2315 4367 a
2349 4317 2520 4383 Vege-

387 4406 466 4454 tio
488 4443 500 4462 ,
532 4404 587 4466 2,
621 4404 648 4453 3
679 4420 690 4454 :
726 4406 896 4456 Littera
921 4408 1142 4468 principis
1163 4444 1174 4466 ‚
1205 4421 1290 4467 qua
1320 4408 1525 4470 dignitas
1556 4408 1808 4467 confertur.

715 4514 740 4556 J
2173 4498 2211 4557 4
