3488 5421
1318 609 1689 673 -—29—

566 754 868 826 Necesse
906 756 1055 822 erat
1090 748 1463 841 praesideS,
1507 747 2064 839 repetundarum
2095 766 2280 832 reoS,
2313 749 2390 821 in
2429 768 2590 841 pro-

473 877 744 950 vincias
788 903 819 941 α
860 893 1039 965 quas
1092 874 1534 945 nudaverant
1573 898 1605 937 ιι
1660 872 1962 956 retrahi,
2007 892 2149 964 quo
2198 873 2455 946 melius
2503 873 2593 947 de

474 1019 720 1075 eorum
757 998 1144 1091 juridicam
1191 999 1715 1088 anquireretur.
1757 998 1903 1068 Hoc
1941 997 2074 1068 iter
2106 1003 2595 1089 protectorum

478 1126 614 1198 sub
667 1123 988 1197 custodia
1040 1122 1322 1197 inibant
1368 1117 1496 1215 (1).
1538 1119 1889 1193 Videntur
1936 1110 2272 1194 debuisse
2326 1128 2597 1214 protec-

478 1256 668 1322 tores
702 1266 986 1320 reorum
1018 1246 1368 1318 rationem
1396 1243 1695 1318 reddere
1733 1263 2000 1336 eosque
2030 1247 2229 1336 ipsos
2268 1246 2460 1338 apud
2484 1248 2598 1338 ju·

481 1371 675 1446 dices
709 1371 1046 1445 exhibere
1101 1367 1229 1465 (2).

577 1499 1108 1588 Nonnunquam
1161 1495 1238 1567 in
1286 1495 1686 1588 provincias
1739 1495 2206 1568 mittebantur
2248 1503 2597 1590 protecto-

483 1644 637 1707 res,
704 1624 949 1694 hostes
1002 1620 1397 1713 repellendi
1451 1626 1575 1692 aut
1631 1619 2022 1692 seditiones
2089 1622 2604 1714 comprimendi

489 1766 728 1819 causa.
789 1747 961 1833 Quae
1014 1745 1352 1817 mandata
1389 1763 1611 1834 quum
1659 1744 2240 1835 frequentissime
2286 1753 2601 1838 accepta,

486 1877 636 1943 tum
676 1889 804 1962 per
839 1871 1081 1961 plures
1120 1887 1351 1942 annos
1387 1870 1801 1942 continuata
1838 1875 2064 1941 erant.
2110 1872 2214 1942 Ita
2250 1871 2609 1963 deputatis

490 1994 1008 2087 protectoribus
1047 2011 1354 2065 annonae
1394 1994 1776 2077 militareS,
1819 1993 2016 2065 haud
2055 2012 2259 2067 secus
2297 2014 2379 2067 ac
2414 1995 2610 2068 duci-

490 2119 628 2192 bus
667 2118 1065 2211 legionum,
1109 2117 1330 2190 tribui
1369 2124 1710 2208 possunt.
1755 2123 1827 2187 at
1875 2134 2020 2187 non
2063 2118 2294 2208 primo
2333 2117 2612 2190 itineris

493 2244 606 2317 sui
646 2262 875 2326 anno,
929 2242 1056 2314 sed
1092 2243 1313 2314 altero
1362 2242 1511 2332 jam
1565 2242 1862 2313 ineunte
1899 2248 1970 2313 et
2006 2241 2351 2314 codicillis
2390 2242 2613 2334 impe-

494 2368 775 2439 ratoriis
841 2366 1195 2439 renovatis
1269 2363 1397 2459 (5).
1469 2365 1883 2438 Evectiones
1959 2384 2246 2455 quoque
2319 2365 2614 2457 accipie-

493 2491 705 2575 bant,
755 2491 1018 2582 quibus
1062 2490 1275 2563 binos
1325 2489 1716 2581 parhippos
1755 2509 1798 2561 a
1837 2489 2140 2581 singulis
2190 2508 2441 2562 cursus
2485 2508 2618 2582 pu-

496 2615 662 2689 blici
714 2615 1143 2687 stationibus
1196 2614 1601 2706 praepositis
1653 2613 2233 2705 procuratoribus
2284 2615 2618 2705 impetra-

498 2749 659 2815 rent
725 2738 854 2836 (4).
927 2742 1177 2832 Magno
1245 2739 1481 2811 studio
1538 2740 1664 2812 illa
1717 2740 2236 2830 appetebantur
2300 2741 2615 2833 negotia,

501 2866 767 2958 quibus
846 2864 1267 2956 peragendis
1349 2860 1442 2957 (5)
1529 2870 1652 2936 aut
1723 2867 2027 2956 peractis
2111 2861 2205 2958 (6)
2244 2920 2262 2949 ,
2343 2884 2625 2957 semper

505 3125 620 3172 trus.
660 3118 827 3181 Quem
854 3118 1072 3168 Petrum
1105 3118 1491 3169 cubicularium
1520 3117 1837 3169 Diocletiani
1876 3119 2040 3169 fuisse
2074 3118 2313 3169 indicant
2339 3120 2460 3170 Acta
2486 3132 2624 3171 sane-

508 3214 690 3279 tortqm,
720 3205 925 3262 Martii.
963 3205 1038 3264 12,
1070 3206 1139 3268 11,
1166 3223 1218 3271 p.
1251 3206 1337 3258 106
1363 3207 1420 3261 F.

568 3296 637 3360 (l)
666 3294 717 3346 G.
749 3297 844 3356 th„
874 3294 929 3355 9,
963 3295 1043 3356 27,
1068 3295 1095 3344 3
1123 3316 1134 3344 z
1168 3296 1393 3358 Natalem,
1426 3298 1644 3358 quondam
1670 3297 1821 3346 ducem
1843 3295 2161 3361 (Sardiniae)‚
2189 3296 2271 3346 sub
2300 3297 2504 3349 custodia
2523 3312 2627 3362 pro·

508 3389 722 3438 teotonem
748 3385 809 3435 ad
829 3385 1112 3446 provinciam
1139 3399 1267 3447 quam
1290 3386 1532 3436 nudaverit
1558 3386 1625 3434 ire
1649 3385 1955 3448 praecipimus.

562 3473 629 3538 (2)
661 3473 838 3523 Amm.
867 3472 1049 3532 Marc..
1080 3473 1159 3533 29,
1190 3473 1237 3533 3,
1268 3471 1299 3521 8
1323 3489 1335 3517 2
1374 3474 1650 3525 Protectores
1673 3474 1733 3522 ad
1757 3474 2027 3551 erhibendas
2053 3474 2184 3525 missi
2207 3488 2446 3537 personas.

569 3563 639 3627 (3)
674 3563 725 3614 G.
757 3564 842 3624 th„
869 3562 926 3622 7,
954 3565 1014 3623 4,
1048 3561 1109 3612 27
1136 3581 1148 3609 ε
1175 3562 1338 3612 Nullus
1362 3567 1662 3624 protectorum
1698 3562 1772 3611 vel
1807 3563 2179 3623 domesticorum,
2220 3564 2294 3613 cui
2325 3569 2406 3615 aut
2445 3567 2633 3617 tuitio

508 3652 764 3702 locorum
791 3657 869 3701 aut
895 3651 1095 3714 quaedam
1126 3649 1303 3712 lonyior
1327 3651 1557 3700 commissa
1586 3656 1653 3700 est
1679 3652 1998 3709 necessitas...,
2025 3665 2224 3701 annonas
2246 3651 2318 3701 vel
2345 3653 2635 3704 emolumenta

504 3742 748 3805 percipiat,
770 3742 864 3791 nisi
884 3742 1152 3791 circumacto
1180 3741 1294 3790 anni
1322 3745 1511 3802 tempore
1535 3745 1639 3802 post
1658 3741 1920 3803 completum
1945 3741 2223 3808 consulatum
2249 3742 2300 3790 in
2326 3741 2515 3793 alterius
2535 3753 2635 3794 cott-

510 3830 625 3881 sulis
651 3843 770 3879 anno
798 3830 1188 3880 commonitorium
1215 3842 1423 3891 reparare
1452 3830 1704 3879 curaverit.

574 3916 645 3981 (4)
673 3916 723 3968 G.
752 3918 838 3980 th„
869 3917 920 3975 8,
947 3918 993 3978 5,
1027 3916 1105 3968 49.
2389 3981 2392 3984 ¹

576 4005 646 4071 (5)
674 4004 825 4067 Quod
863 4007 1086 4057 libenter
1114 4005 1457 4063 crediderim.
1497 4007 1622 4070 qnia
1658 4005 1748 4070 qui
1781 4007 1908 4057 olim
1941 3995 2280 4060 centuriones
2307 4008 2635 4075 deputaban-

513 4100 629 4157 tur,
658 4096 951 4159 soepissime
988 4097 1186 4146 honore
1222 4097 1522 4159 egregiatus
1549 4097 1940 4159 afficiebantur3
1974 4098 2045 4147 cf.
2072 4096 2362 4149 Mommsen
2387 4139 2398 4157 ‚
2431 4099 2480 4151 G.
2506 4102 2544 4151 i.
2571 4101 2636 4159 l..

515 4181 594 4235 VI
614 4220 626 4241 .
657 4184 726 4234 ad
753 4181 907 4248 35583
942 4179 1190 4245 Mueller,
1227 4184 1516 4246 Philoloqus,
1552 4182 1706 4246 XLI,
1747 4200 1800 4248 p.
1841 4185 1950 4236 494.
1987 4185 2118 4248 Quae
2158 4187 2428 4252 deputatio
2460 4190 2540 4252 (ut
2566 4190 2641 4240 ita

513 4272 712 4336 dicam)
733 4275 898 4337 species
926 4275 1109 4325 honoris
1134 4276 1278 4335 erat,
1309 4272 1549 4334 Tacitus,
1580 4273 1785 4325 Annales
1810 4313 1822 4332 ,
1857 4274 1931 4335 12,
1962 4273 2040 4325 41.

579 4362 653 4425 (6)
679 4361 996 4415 Ammianus
1023 4362 1394 4425 Marcellinus,
1424 4362 1499 4424 16,
1534 4360 1609 4424 10,
1638 4361 1718 4413 21.
