3488 5421
1411 884 1523 945 DE

534 1117 1467 1228 PROTECTORIBUS
1538 1142 1677 1225 ET
1747 1141 2418 1228 DoMEsrlcls

1085 1407 1859 1462 AUGUSTORUM

1265 1694 1684 1710 ψ

505 1953 662 2025 Non
717 1958 902 2025 recte
950 1952 1286 2024 dicuntur
1321 1951 1762 2045 praetoriani
1812 1950 2068 2020 milites
2091 2006 2108 2034 ,
2160 1953 2541 2042 imperato-

411 2094 569 2148 rum
616 2075 838 2149 fuisse
877 2076 1235 2148 custodes,
1279 2077 1621 2148 Cohortes
1664 2077 1855 2147 enim
1896 2077 2249 2166 praetoriae
2288 2077 2378 2146 ab
2417 2076 2544 2147 illa

413 2200 697 2270 cohorte
736 2200 1066 2271 oriuntur
1118 2218 1333 2289 quam
1385 2200 1619 2290 Scipio
1661 2198 2034 2271 Africanus
2083 2200 2280 2289 prior
2327 2200 2561 2281 insti--

412 2302 587 2406 tuit,
637 2305 802 2413 quae
850 2343 891 2393 a
943 2324 1120 2395 duce
1168 2324 1243 2393 in
1293 2325 1483 2395 bello
1542 2342 1689 2394 non
1749 2323 2145 2407 discederet
2188 2320 2282 2417 (1)
2323 2347 2339 2405 ;
2383 2330 2546 2414 post

411 2447 869 2538 philippense
914 2447 1250 2538 proelium
1298 2454 1566 2528 auctae,
1621 2448 1942 2528 stabant,
1986 2447 2283 2518 honoris
2329 2454 2398 2520 et
2435 2453 2545 2519 tu-

411 2571 572 2647 telae
610 2588 857 2654 causa,
903 2572 1084 2642 circa
1124 2589 1498 2662 supremos
1547 2571 1796 2661 populi
1846 2572 2124 2641 romani
2174 2572 2546 2662 magistra-

410 2701 564 2778 tuS,
609 2695 1020 2788 reipublicae
1059 2693 1577 2767 constituendae
1614 2694 2024 2767 triumviros
2072 2691 2165 2788 (2)
2203 2719 2219 2778 ;
2263 2714 2499 2785 neque
2524 2751 2541 2779 ,

414 2820 857 2911 principatus
905 2825 1264 2910 tempore,
1320 2838 1582 2890 nomen
1635 2818 1911 2890 militiae
1962 2824 2362 2910 naturaque
2414 2819 2548 2889 im-

413 2949 686 3014 mutata
728 2949 898 3015 sunt
938 2940 1032 3037 (5)
1065 2998 1082 3026 ,
1122 2961 1345 3033 quum
1379 2944 1687 3035 publicis
1712 2998 1729 3024 ,
1773 2962 1922 3014 non
1950 2944 2244 3034 privatis
2283 2943 2548 3034 princi-

413 3085 584 3158 pum
634 3069 1054 3139 muneribus
1110 3050 1437 3139 vacarent
1477 3068 1838 3158 praetorii,
1894 3068 2305 3157 reipublicae
2330 3121 2346 3150 ,
2399 3086 2546 3138 non

414 3199 714 3283 augusto
745 3193 1117 3264 servirent.
1156 3191 1673 3263 Custodiebant
1711 3192 1929 3263 simul
1971 3190 2221 3260 urbem
2262 3190 2546 3280 imperii

416 3315 691 3385 romani
732 3320 942 3405 caput
980 3321 1049 3387 et
1083 3333 1456 3395 caesarem,
1500 3313 1897 3404 principem
1935 3311 2194 3382 civium
2238 3317 2545 3402 patrem-

417 3456 557 3528 que
603 3439 852 3530 patriae
912 3435 1042 3531 (4).
1099 3439 1439 3510 Narratur
1488 3436 1813 3508 Tiberius
1849 3490 1865 3519 ,
1918 3444 1997 3507 ut
2035 3437 2347 3527 primum
2407 3436 2547 3508 Au-

484 3691 551 3755 (1)
574 3691 755 3752 FestuS,
791 3705 843 3754 p.
873 3690 993 3748 223,
1024 3691 1107 3741 ed.
1147 3689 1370 3741 Mueller
1402 3710 1412 3739 ε
1446 3691 1673 3740 Praetoria
1703 3692 1859 3740 cohors
1887 3697 1956 3740 est
1984 3691 2134 3751 dicta,
2165 3690 2280 3751 quod
2306 3704 2333 3739 a
2355 3696 2549 3752 praetore

416 3793 507 3830 non
535 3780 804 3830 discedebat.
843 3780 994 3843 Scipio
1028 3780 1144 3829 enim
1177 3780 1432 3841 Africanus
1464 3781 1639 3841 primus
1675 3780 1976 3840 fortissimum
2005 3792 2207 3840 quemque
2246 3778 2432 3840 deleqit,
2474 3781 2554 3841 qui

418 3871 475 3921 ab
512 3884 560 3920 eo
599 3871 649 3920 in
691 3870 806 3920 bello
834 3885 925 3920 non
963 3871 1266 3930 discederent,
1306 3876 1350 3920 et
1387 3875 1506 3920 certo
1544 3882 1723 3919 munere
1755 3870 1937 3919 militiae
1975 3874 2188 3917 vacarent
2223 3873 2268 3917 et
2303 3868 2551 3930 sesquipleoe

417 3959 689 4022 stipendium
713 3961 980 4021 acciperent.
1015 3957 1334 4020 Mommsen,
1360 3961 1561 4016 Hermes,
1600 3959 1742 4020 1879,
1780 3974 1830 4021 p.
1864 3958 1952 4016 26,
1981 3957 2282 4021 Scipionem
2311 3957 2548 4007 AEmilia-

418 4061 565 4104 num.
596 4046 888 4103 Froehlich,
919 4048 1000 4097 Die
1025 4047 1363 4111 Gardetruppen
1391 4050 1469 4097 der
1495 4049 1747 4098 romischen
1771 4047 1990 4109 Republik
2009 4046 2174 4111 (1882,
2208 4046 2361 4108 in·4),
2387 4061 2439 4110 p.
2470 4046 2549 4105 37,

418 4136 649 4197 priorem
677 4135 994 4186 Africanum
1021 4136 1218 4186 rectius
1251 4136 1466 4199 cogitat.

481 4223 551 4287 (2)
580 4223 883 4288 Appianum,
913 4224 974 4274 De
999 4224 1086 4275 bel.
1113 4225 1222 4286 civ„
1253 4226 1300 4282 5,
1328 4224 1374 4274 3.

480 4312 547 4375 (3)
578 4311 897 4370 Mommsen,
922 4313 1121 4375 Hermes,
1162 4311 1299 4375 1879,
1332 4328 1385 4376 p.
1415 4312 1494 4362 30.

483 4403 554 4464 (4)
581 4399 823 4462 TacituS,
850 4402 1079 4464 Annales,
1108 4402 1156 4459 4,
1192 4403 1241 4452 5.

739 4511 766 4553 J
2194 4491 2221 4551 1
2242 4494 2246 4498 ’
